%YAML 1.1
%TAG !u! tag:unity3d.com,2011:
--- !u!29 &1
OcclusionCullingSettings:
  m_ObjectHideFlags: 0
  serializedVersion: 2
  m_OcclusionBakeSettings:
    smallestOccluder: 5
    smallestHole: 0.25
    backfaceThreshold: 100
  m_SceneGUID: 00000000000000000000000000000000
  m_OcclusionCullingData: {fileID: 0}
--- !u!104 &2
RenderSettings:
  m_ObjectHideFlags: 0
  serializedVersion: 9
  m_Fog: 0
  m_FogColor: {r: 0.5, g: 0.5, b: 0.5, a: 1}
  m_FogMode: 3
  m_FogDensity: 0.01
  m_LinearFogStart: 0
  m_LinearFogEnd: 300
  m_AmbientSkyColor: {r: 0.212, g: 0.227, b: 0.259, a: 1}
  m_AmbientEquatorColor: {r: 0.114, g: 0.125, b: 0.133, a: 1}
  m_AmbientGroundColor: {r: 0.047, g: 0.043, b: 0.035, a: 1}
  m_AmbientIntensity: 1
  m_AmbientMode: 3
  m_SubtractiveShadowColor: {r: 0.42, g: 0.478, b: 0.627, a: 1}
  m_SkyboxMaterial: {fileID: 0}
  m_HaloStrength: 0.5
  m_FlareStrength: 1
  m_FlareFadeSpeed: 3
  m_HaloTexture: {fileID: 0}
  m_SpotCookie: {fileID: 10001, guid: 0000000000000000e000000000000000, type: 0}
  m_DefaultReflectionMode: 0
  m_DefaultReflectionResolution: 128
  m_ReflectionBounces: 1
  m_ReflectionIntensity: 1
  m_CustomReflection: {fileID: 0}
  m_Sun: {fileID: 0}
  m_IndirectSpecularColor: {r: 0, g: 0, b: 0, a: 1}
  m_UseRadianceAmbientProbe: 0
--- !u!157 &3
LightmapSettings:
  m_ObjectHideFlags: 0
  serializedVersion: 11
  m_GIWorkflowMode: 1
  m_GISettings:
    serializedVersion: 2
    m_BounceScale: 1
    m_IndirectOutputScale: 1
    m_AlbedoBoost: 1
    m_EnvironmentLightingMode: 0
    m_EnableBakedLightmaps: 0
    m_EnableRealtimeLightmaps: 0
  m_LightmapEditorSettings:
    serializedVersion: 12
    m_Resolution: 2
    m_BakeResolution: 40
    m_AtlasSize: 1024
    m_AO: 0
    m_AOMaxDistance: 1
    m_CompAOExponent: 1
    m_CompAOExponentDirect: 0
    m_ExtractAmbientOcclusion: 0
    m_Padding: 2
    m_LightmapParameters: {fileID: 0}
    m_LightmapsBakeMode: 1
    m_TextureCompression: 1
    m_FinalGather: 0
    m_FinalGatherFiltering: 1
    m_FinalGatherRayCount: 256
    m_ReflectionCompression: 2
    m_MixedBakeMode: 2
    m_BakeBackend: 0
    m_PVRSampling: 1
    m_PVRDirectSampleCount: 32
    m_PVRSampleCount: 500
    m_PVRBounces: 2
    m_PVREnvironmentSampleCount: 500
    m_PVREnvironmentReferencePointCount: 2048
    m_PVRFilteringMode: 2
    m_PVRDenoiserTypeDirect: 0
    m_PVRDenoiserTypeIndirect: 0
    m_PVRDenoiserTypeAO: 0
    m_PVRFilterTypeDirect: 0
    m_PVRFilterTypeIndirect: 0
    m_PVRFilterTypeAO: 0
    m_PVREnvironmentMIS: 0
    m_PVRCulling: 1
    m_PVRFilteringGaussRadiusDirect: 1
    m_PVRFilteringGaussRadiusIndirect: 5
    m_PVRFilteringGaussRadiusAO: 2
    m_PVRFilteringAtrousPositionSigmaDirect: 0.5
    m_PVRFilteringAtrousPositionSigmaIndirect: 2
    m_PVRFilteringAtrousPositionSigmaAO: 1
    m_ExportTrainingData: 0
    m_TrainingDataDestination: TrainingData
    m_LightProbeSampleCountMultiplier: 4
  m_LightingDataAsset: {fileID: 0}
  m_UseShadowmask: 0
--- !u!196 &4
NavMeshSettings:
  serializedVersion: 2
  m_ObjectHideFlags: 0
  m_BuildSettings:
    serializedVersion: 2
    agentTypeID: 0
    agentRadius: 0.5
    agentHeight: 2
    agentSlope: 45
    agentClimb: 0.4
    ledgeDropHeight: 0
    maxJumpAcrossDistance: 0
    minRegionArea: 2
    manualCellSize: 0
    cellSize: 0.16666667
    manualTileSize: 0
    tileSize: 256
    accuratePlacement: 0
    debug:
      m_Flags: 0
  m_NavMeshData: {fileID: 0}
--- !u!1001 &115624486
PrefabInstance:
  m_ObjectHideFlags: 0
  serializedVersion: 2
  m_Modification:
    m_TransformParent: {fileID: 1023790761}
    m_Modifications:
    - target: {fileID: 5527342228665820993, guid: 40fe050dd59326a4abf6f3c076f08670,
        type: 3}
      propertyPath: m_RootOrder
      value: 5
      objectReference: {fileID: 0}
    - target: {fileID: 5527342228665820993, guid: 40fe050dd59326a4abf6f3c076f08670,
        type: 3}
      propertyPath: m_LocalPosition.x
      value: 82.83496
      objectReference: {fileID: 0}
    - target: {fileID: 5527342228665820993, guid: 40fe050dd59326a4abf6f3c076f08670,
        type: 3}
      propertyPath: m_LocalPosition.y
      value: -1.565508
      objectReference: {fileID: 0}
    - target: {fileID: 5527342228665820993, guid: 40fe050dd59326a4abf6f3c076f08670,
        type: 3}
      propertyPath: m_LocalPosition.z
      value: 0
      objectReference: {fileID: 0}
    - target: {fileID: 5527342228665820993, guid: 40fe050dd59326a4abf6f3c076f08670,
        type: 3}
      propertyPath: m_LocalRotation.w
      value: 1
      objectReference: {fileID: 0}
    - target: {fileID: 5527342228665820993, guid: 40fe050dd59326a4abf6f3c076f08670,
        type: 3}
      propertyPath: m_LocalRotation.x
      value: -0
      objectReference: {fileID: 0}
    - target: {fileID: 5527342228665820993, guid: 40fe050dd59326a4abf6f3c076f08670,
        type: 3}
      propertyPath: m_LocalRotation.y
      value: -0
      objectReference: {fileID: 0}
    - target: {fileID: 5527342228665820993, guid: 40fe050dd59326a4abf6f3c076f08670,
        type: 3}
      propertyPath: m_LocalRotation.z
      value: -0
      objectReference: {fileID: 0}
    - target: {fileID: 5527342228665820993, guid: 40fe050dd59326a4abf6f3c076f08670,
        type: 3}
      propertyPath: m_LocalEulerAnglesHint.x
      value: 0
      objectReference: {fileID: 0}
    - target: {fileID: 5527342228665820993, guid: 40fe050dd59326a4abf6f3c076f08670,
        type: 3}
      propertyPath: m_LocalEulerAnglesHint.y
      value: 0
      objectReference: {fileID: 0}
    - target: {fileID: 5527342228665820993, guid: 40fe050dd59326a4abf6f3c076f08670,
        type: 3}
      propertyPath: m_LocalEulerAnglesHint.z
      value: 0
      objectReference: {fileID: 0}
    - target: {fileID: 7442893935984207594, guid: 40fe050dd59326a4abf6f3c076f08670,
        type: 3}
      propertyPath: m_Name
      value: Covering
      objectReference: {fileID: 0}
    m_RemovedComponents: []
  m_SourcePrefab: {fileID: 100100000, guid: 40fe050dd59326a4abf6f3c076f08670, type: 3}
--- !u!1001 &515856506
PrefabInstance:
  m_ObjectHideFlags: 0
  serializedVersion: 2
  m_Modification:
    m_TransformParent: {fileID: 1023790761}
    m_Modifications:
    - target: {fileID: 5120687691005443095, guid: 0bc8889edaa4e0e41bd19348e82feb02,
        type: 3}
      propertyPath: m_Name
      value: Covering5 (1)
      objectReference: {fileID: 0}
    - target: {fileID: 6502644556125810267, guid: 0bc8889edaa4e0e41bd19348e82feb02,
        type: 3}
      propertyPath: m_RootOrder
      value: 3
      objectReference: {fileID: 0}
    - target: {fileID: 6502644556125810267, guid: 0bc8889edaa4e0e41bd19348e82feb02,
        type: 3}
      propertyPath: m_LocalPosition.x
      value: 79.44219
      objectReference: {fileID: 0}
    - target: {fileID: 6502644556125810267, guid: 0bc8889edaa4e0e41bd19348e82feb02,
        type: 3}
      propertyPath: m_LocalPosition.y
      value: -1.565508
      objectReference: {fileID: 0}
    - target: {fileID: 6502644556125810267, guid: 0bc8889edaa4e0e41bd19348e82feb02,
        type: 3}
      propertyPath: m_LocalPosition.z
      value: 0
      objectReference: {fileID: 0}
    - target: {fileID: 6502644556125810267, guid: 0bc8889edaa4e0e41bd19348e82feb02,
        type: 3}
      propertyPath: m_LocalRotation.w
      value: 1
      objectReference: {fileID: 0}
    - target: {fileID: 6502644556125810267, guid: 0bc8889edaa4e0e41bd19348e82feb02,
        type: 3}
      propertyPath: m_LocalRotation.x
      value: -0
      objectReference: {fileID: 0}
    - target: {fileID: 6502644556125810267, guid: 0bc8889edaa4e0e41bd19348e82feb02,
        type: 3}
      propertyPath: m_LocalRotation.y
      value: -0
      objectReference: {fileID: 0}
    - target: {fileID: 6502644556125810267, guid: 0bc8889edaa4e0e41bd19348e82feb02,
        type: 3}
      propertyPath: m_LocalRotation.z
      value: -0
      objectReference: {fileID: 0}
    - target: {fileID: 6502644556125810267, guid: 0bc8889edaa4e0e41bd19348e82feb02,
        type: 3}
      propertyPath: m_LocalEulerAnglesHint.x
      value: 0
      objectReference: {fileID: 0}
    - target: {fileID: 6502644556125810267, guid: 0bc8889edaa4e0e41bd19348e82feb02,
        type: 3}
      propertyPath: m_LocalEulerAnglesHint.y
      value: 0
      objectReference: {fileID: 0}
    - target: {fileID: 6502644556125810267, guid: 0bc8889edaa4e0e41bd19348e82feb02,
        type: 3}
      propertyPath: m_LocalEulerAnglesHint.z
      value: 0
      objectReference: {fileID: 0}
    m_RemovedComponents: []
  m_SourcePrefab: {fileID: 100100000, guid: 0bc8889edaa4e0e41bd19348e82feb02, type: 3}
--- !u!1001 &533780987
PrefabInstance:
  m_ObjectHideFlags: 0
  serializedVersion: 2
  m_Modification:
    m_TransformParent: {fileID: 0}
    m_Modifications:
    - target: {fileID: 107685316582343316, guid: 8bbaf21a584235a49aa78a278023ad9f,
        type: 3}
      propertyPath: m_Mesh
      value: 
      objectReference: {fileID: 0}
    - target: {fileID: 107685317331474243, guid: 8bbaf21a584235a49aa78a278023ad9f,
        type: 3}
      propertyPath: m_Mesh
      value: 
      objectReference: {fileID: 0}
    - target: {fileID: 1242736501120670319, guid: 8bbaf21a584235a49aa78a278023ad9f,
        type: 3}
      propertyPath: m_LocalPosition.z
      value: 0
      objectReference: {fileID: 0}
    - target: {fileID: 1381351712826426301, guid: 8bbaf21a584235a49aa78a278023ad9f,
        type: 3}
      propertyPath: m_RootOrder
      value: 0
      objectReference: {fileID: 0}
    - target: {fileID: 1381351712826426301, guid: 8bbaf21a584235a49aa78a278023ad9f,
        type: 3}
      propertyPath: m_LocalPosition.x
      value: 0
      objectReference: {fileID: 0}
    - target: {fileID: 1381351712826426301, guid: 8bbaf21a584235a49aa78a278023ad9f,
        type: 3}
      propertyPath: m_LocalPosition.y
      value: 0
      objectReference: {fileID: 0}
    - target: {fileID: 1381351712826426301, guid: 8bbaf21a584235a49aa78a278023ad9f,
        type: 3}
      propertyPath: m_LocalPosition.z
      value: -10
      objectReference: {fileID: 0}
    - target: {fileID: 1381351712826426301, guid: 8bbaf21a584235a49aa78a278023ad9f,
        type: 3}
      propertyPath: m_LocalRotation.w
      value: 1
      objectReference: {fileID: 0}
    - target: {fileID: 1381351712826426301, guid: 8bbaf21a584235a49aa78a278023ad9f,
        type: 3}
      propertyPath: m_LocalRotation.x
      value: 0
      objectReference: {fileID: 0}
    - target: {fileID: 1381351712826426301, guid: 8bbaf21a584235a49aa78a278023ad9f,
        type: 3}
      propertyPath: m_LocalRotation.y
      value: 0
      objectReference: {fileID: 0}
    - target: {fileID: 1381351712826426301, guid: 8bbaf21a584235a49aa78a278023ad9f,
        type: 3}
      propertyPath: m_LocalRotation.z
      value: 0
      objectReference: {fileID: 0}
    - target: {fileID: 1381351712826426301, guid: 8bbaf21a584235a49aa78a278023ad9f,
        type: 3}
      propertyPath: m_LocalEulerAnglesHint.x
      value: 0
      objectReference: {fileID: 0}
    - target: {fileID: 1381351712826426301, guid: 8bbaf21a584235a49aa78a278023ad9f,
        type: 3}
      propertyPath: m_LocalEulerAnglesHint.y
      value: 0
      objectReference: {fileID: 0}
    - target: {fileID: 1381351712826426301, guid: 8bbaf21a584235a49aa78a278023ad9f,
        type: 3}
      propertyPath: m_LocalEulerAnglesHint.z
      value: 0
      objectReference: {fileID: 0}
    - target: {fileID: 2508292556302021875, guid: 8bbaf21a584235a49aa78a278023ad9f,
        type: 3}
      propertyPath: m_Name
      value: GugScene Variant
      objectReference: {fileID: 0}
    - target: {fileID: 6550462333056653537, guid: 8bbaf21a584235a49aa78a278023ad9f,
        type: 3}
      propertyPath: _dialogueToLoadOnFinish
      value: D1_Main5
      objectReference: {fileID: 0}
    m_RemovedComponents: []
  m_SourcePrefab: {fileID: 100100000, guid: 8bbaf21a584235a49aa78a278023ad9f, type: 3}
--- !u!1001 &601708053
PrefabInstance:
  m_ObjectHideFlags: 0
  serializedVersion: 2
  m_Modification:
    m_TransformParent: {fileID: 1823963131}
    m_Modifications:
    - target: {fileID: 5120687691005443095, guid: 0bc8889edaa4e0e41bd19348e82feb02,
        type: 3}
      propertyPath: m_Name
      value: Covering5
      objectReference: {fileID: 0}
    - target: {fileID: 6502644556125810267, guid: 0bc8889edaa4e0e41bd19348e82feb02,
        type: 3}
      propertyPath: m_RootOrder
      value: 0
      objectReference: {fileID: 0}
    - target: {fileID: 6502644556125810267, guid: 0bc8889edaa4e0e41bd19348e82feb02,
        type: 3}
      propertyPath: m_LocalPosition.x
      value: 85.73943
      objectReference: {fileID: 0}
    - target: {fileID: 6502644556125810267, guid: 0bc8889edaa4e0e41bd19348e82feb02,
        type: 3}
      propertyPath: m_LocalPosition.y
      value: -1.328207
      objectReference: {fileID: 0}
    - target: {fileID: 6502644556125810267, guid: 0bc8889edaa4e0e41bd19348e82feb02,
        type: 3}
      propertyPath: m_LocalPosition.z
      value: 0
      objectReference: {fileID: 0}
    - target: {fileID: 6502644556125810267, guid: 0bc8889edaa4e0e41bd19348e82feb02,
        type: 3}
      propertyPath: m_LocalRotation.w
      value: 1
      objectReference: {fileID: 0}
    - target: {fileID: 6502644556125810267, guid: 0bc8889edaa4e0e41bd19348e82feb02,
        type: 3}
      propertyPath: m_LocalRotation.x
      value: -0
      objectReference: {fileID: 0}
    - target: {fileID: 6502644556125810267, guid: 0bc8889edaa4e0e41bd19348e82feb02,
        type: 3}
      propertyPath: m_LocalRotation.y
      value: -0
      objectReference: {fileID: 0}
    - target: {fileID: 6502644556125810267, guid: 0bc8889edaa4e0e41bd19348e82feb02,
        type: 3}
      propertyPath: m_LocalRotation.z
      value: -0
      objectReference: {fileID: 0}
    - target: {fileID: 6502644556125810267, guid: 0bc8889edaa4e0e41bd19348e82feb02,
        type: 3}
      propertyPath: m_LocalEulerAnglesHint.x
      value: 0
      objectReference: {fileID: 0}
    - target: {fileID: 6502644556125810267, guid: 0bc8889edaa4e0e41bd19348e82feb02,
        type: 3}
      propertyPath: m_LocalEulerAnglesHint.y
      value: 0
      objectReference: {fileID: 0}
    - target: {fileID: 6502644556125810267, guid: 0bc8889edaa4e0e41bd19348e82feb02,
        type: 3}
      propertyPath: m_LocalEulerAnglesHint.z
      value: 0
      objectReference: {fileID: 0}
    m_RemovedComponents: []
  m_SourcePrefab: {fileID: 100100000, guid: 0bc8889edaa4e0e41bd19348e82feb02, type: 3}
--- !u!1001 &802689885
PrefabInstance:
  m_ObjectHideFlags: 0
  serializedVersion: 2
  m_Modification:
    m_TransformParent: {fileID: 1823963131}
    m_Modifications:
    - target: {fileID: 3035971654861099221, guid: 0b69e663c257d1542b5d3f70031a56db,
        type: 3}
      propertyPath: m_RootOrder
      value: 3
      objectReference: {fileID: 0}
    - target: {fileID: 3035971654861099221, guid: 0b69e663c257d1542b5d3f70031a56db,
        type: 3}
      propertyPath: m_LocalPosition.x
      value: 84.21562
      objectReference: {fileID: 0}
    - target: {fileID: 3035971654861099221, guid: 0b69e663c257d1542b5d3f70031a56db,
        type: 3}
      propertyPath: m_LocalPosition.y
      value: -0.98
      objectReference: {fileID: 0}
    - target: {fileID: 3035971654861099221, guid: 0b69e663c257d1542b5d3f70031a56db,
        type: 3}
      propertyPath: m_LocalPosition.z
      value: 0
      objectReference: {fileID: 0}
    - target: {fileID: 3035971654861099221, guid: 0b69e663c257d1542b5d3f70031a56db,
        type: 3}
      propertyPath: m_LocalRotation.w
      value: 1
      objectReference: {fileID: 0}
    - target: {fileID: 3035971654861099221, guid: 0b69e663c257d1542b5d3f70031a56db,
        type: 3}
      propertyPath: m_LocalRotation.x
      value: -0
      objectReference: {fileID: 0}
    - target: {fileID: 3035971654861099221, guid: 0b69e663c257d1542b5d3f70031a56db,
        type: 3}
      propertyPath: m_LocalRotation.y
      value: -0
      objectReference: {fileID: 0}
    - target: {fileID: 3035971654861099221, guid: 0b69e663c257d1542b5d3f70031a56db,
        type: 3}
      propertyPath: m_LocalRotation.z
      value: -0
      objectReference: {fileID: 0}
    - target: {fileID: 3035971654861099221, guid: 0b69e663c257d1542b5d3f70031a56db,
        type: 3}
      propertyPath: m_LocalEulerAnglesHint.x
      value: 0
      objectReference: {fileID: 0}
    - target: {fileID: 3035971654861099221, guid: 0b69e663c257d1542b5d3f70031a56db,
        type: 3}
      propertyPath: m_LocalEulerAnglesHint.y
      value: 0
      objectReference: {fileID: 0}
    - target: {fileID: 3035971654861099221, guid: 0b69e663c257d1542b5d3f70031a56db,
        type: 3}
      propertyPath: m_LocalEulerAnglesHint.z
      value: 0
      objectReference: {fileID: 0}
    - target: {fileID: 4046524071250260435, guid: 0b69e663c257d1542b5d3f70031a56db,
        type: 3}
      propertyPath: m_Name
      value: Covering3 (1)
      objectReference: {fileID: 0}
    m_RemovedComponents: []
  m_SourcePrefab: {fileID: 100100000, guid: 0b69e663c257d1542b5d3f70031a56db, type: 3}
--- !u!1001 &896186577
PrefabInstance:
  m_ObjectHideFlags: 0
  serializedVersion: 2
  m_Modification:
    m_TransformParent: {fileID: 1023790760}
    m_Modifications:
    - target: {fileID: 8369092987232642426, guid: 1c1467b71d8d982468977b946158a2a3,
        type: 3}
      propertyPath: m_RootOrder
      value: 0
      objectReference: {fileID: 0}
    - target: {fileID: 8369092987232642426, guid: 1c1467b71d8d982468977b946158a2a3,
        type: 3}
      propertyPath: m_LocalPosition.x
      value: 10.020668
      objectReference: {fileID: 0}
    - target: {fileID: 8369092987232642426, guid: 1c1467b71d8d982468977b946158a2a3,
        type: 3}
      propertyPath: m_LocalPosition.y
      value: -1.754908
      objectReference: {fileID: 0}
    - target: {fileID: 8369092987232642426, guid: 1c1467b71d8d982468977b946158a2a3,
        type: 3}
      propertyPath: m_LocalPosition.z
      value: 0
      objectReference: {fileID: 0}
    - target: {fileID: 8369092987232642426, guid: 1c1467b71d8d982468977b946158a2a3,
        type: 3}
      propertyPath: m_LocalRotation.w
      value: 1
      objectReference: {fileID: 0}
    - target: {fileID: 8369092987232642426, guid: 1c1467b71d8d982468977b946158a2a3,
        type: 3}
      propertyPath: m_LocalRotation.x
      value: -0
      objectReference: {fileID: 0}
    - target: {fileID: 8369092987232642426, guid: 1c1467b71d8d982468977b946158a2a3,
        type: 3}
      propertyPath: m_LocalRotation.y
      value: -0
      objectReference: {fileID: 0}
    - target: {fileID: 8369092987232642426, guid: 1c1467b71d8d982468977b946158a2a3,
        type: 3}
      propertyPath: m_LocalRotation.z
      value: -0
      objectReference: {fileID: 0}
    - target: {fileID: 8369092987232642426, guid: 1c1467b71d8d982468977b946158a2a3,
        type: 3}
      propertyPath: m_LocalEulerAnglesHint.x
      value: 0
      objectReference: {fileID: 0}
    - target: {fileID: 8369092987232642426, guid: 1c1467b71d8d982468977b946158a2a3,
        type: 3}
      propertyPath: m_LocalEulerAnglesHint.y
      value: 0
      objectReference: {fileID: 0}
    - target: {fileID: 8369092987232642426, guid: 1c1467b71d8d982468977b946158a2a3,
        type: 3}
      propertyPath: m_LocalEulerAnglesHint.z
      value: 0
      objectReference: {fileID: 0}
    - target: {fileID: 8369092987232642429, guid: 1c1467b71d8d982468977b946158a2a3,
        type: 3}
      propertyPath: _fovAngle
      value: 100
      objectReference: {fileID: 0}
    - target: {fileID: 8369092987232642429, guid: 1c1467b71d8d982468977b946158a2a3,
        type: 3}
      propertyPath: _enemyRaiseTime
      value: 6
      objectReference: {fileID: 0}
    - target: {fileID: 8369092987232642429, guid: 1c1467b71d8d982468977b946158a2a3,
        type: 3}
      propertyPath: _raycastDownTime
      value: 13
      objectReference: {fileID: 0}
    - target: {fileID: 8369092987232642429, guid: 1c1467b71d8d982468977b946158a2a3,
        type: 3}
      propertyPath: _raycastDownDelay
      value: 6
      objectReference: {fileID: 0}
    - target: {fileID: 8369092987232642429, guid: 1c1467b71d8d982468977b946158a2a3,
        type: 3}
      propertyPath: _raycastStartDelay
      value: 5
      objectReference: {fileID: 0}
    - target: {fileID: 8369092987232642430, guid: 1c1467b71d8d982468977b946158a2a3,
        type: 3}
      propertyPath: m_Name
      value: EnemyTrigger
      objectReference: {fileID: 0}
    m_RemovedComponents: []
  m_SourcePrefab: {fileID: 100100000, guid: 1c1467b71d8d982468977b946158a2a3, type: 3}
--- !u!1001 &1023790759
PrefabInstance:
  m_ObjectHideFlags: 0
  serializedVersion: 2
  m_Modification:
    m_TransformParent: {fileID: 0}
    m_Modifications:
    - target: {fileID: 1759760941342865552, guid: f4b9f77a41414714f806233a197c8a29,
        type: 3}
      propertyPath: m_LocalPosition.x
      value: 85.94971
      objectReference: {fileID: 0}
    - target: {fileID: 1759760941342865552, guid: f4b9f77a41414714f806233a197c8a29,
        type: 3}
      propertyPath: m_LocalPosition.y
      value: -1.317526
      objectReference: {fileID: 0}
    - target: {fileID: 8005539219867836046, guid: f4b9f77a41414714f806233a197c8a29,
        type: 3}
      propertyPath: m_RootOrder
      value: 2
      objectReference: {fileID: 0}
    - target: {fileID: 8005539219867836046, guid: f4b9f77a41414714f806233a197c8a29,
        type: 3}
      propertyPath: m_LocalPosition.x
      value: 0
      objectReference: {fileID: 0}
    - target: {fileID: 8005539219867836046, guid: f4b9f77a41414714f806233a197c8a29,
        type: 3}
      propertyPath: m_LocalPosition.y
      value: 0
      objectReference: {fileID: 0}
    - target: {fileID: 8005539219867836046, guid: f4b9f77a41414714f806233a197c8a29,
        type: 3}
      propertyPath: m_LocalPosition.z
      value: 0
      objectReference: {fileID: 0}
    - target: {fileID: 8005539219867836046, guid: f4b9f77a41414714f806233a197c8a29,
        type: 3}
      propertyPath: m_LocalRotation.w
      value: 1
      objectReference: {fileID: 0}
    - target: {fileID: 8005539219867836046, guid: f4b9f77a41414714f806233a197c8a29,
        type: 3}
      propertyPath: m_LocalRotation.x
      value: 0
      objectReference: {fileID: 0}
    - target: {fileID: 8005539219867836046, guid: f4b9f77a41414714f806233a197c8a29,
        type: 3}
      propertyPath: m_LocalRotation.y
      value: 0
      objectReference: {fileID: 0}
    - target: {fileID: 8005539219867836046, guid: f4b9f77a41414714f806233a197c8a29,
        type: 3}
      propertyPath: m_LocalRotation.z
      value: 0
      objectReference: {fileID: 0}
    - target: {fileID: 8005539219867836046, guid: f4b9f77a41414714f806233a197c8a29,
        type: 3}
      propertyPath: m_LocalEulerAnglesHint.x
      value: 0
      objectReference: {fileID: 0}
    - target: {fileID: 8005539219867836046, guid: f4b9f77a41414714f806233a197c8a29,
        type: 3}
      propertyPath: m_LocalEulerAnglesHint.y
      value: 0
      objectReference: {fileID: 0}
    - target: {fileID: 8005539219867836046, guid: f4b9f77a41414714f806233a197c8a29,
        type: 3}
      propertyPath: m_LocalEulerAnglesHint.z
      value: 0
      objectReference: {fileID: 0}
    - target: {fileID: 8005539219867836047, guid: f4b9f77a41414714f806233a197c8a29,
        type: 3}
      propertyPath: m_Name
      value: LevelCave
      objectReference: {fileID: 0}
    m_RemovedComponents: []
  m_SourcePrefab: {fileID: 100100000, guid: f4b9f77a41414714f806233a197c8a29, type: 3}
--- !u!4 &1023790760 stripped
Transform:
  m_CorrespondingSourceObject: {fileID: 773555877947587903, guid: f4b9f77a41414714f806233a197c8a29,
    type: 3}
  m_PrefabInstance: {fileID: 1023790759}
  m_PrefabAsset: {fileID: 0}
--- !u!4 &1023790761 stripped
Transform:
  m_CorrespondingSourceObject: {fileID: 8227900794004835960, guid: f4b9f77a41414714f806233a197c8a29,
    type: 3}
  m_PrefabInstance: {fileID: 1023790759}
  m_PrefabAsset: {fileID: 0}
--- !u!1001 &1121250809
PrefabInstance:
  m_ObjectHideFlags: 0
  serializedVersion: 2
  m_Modification:
    m_TransformParent: {fileID: 1023790761}
    m_Modifications:
    - target: {fileID: 1104114581813182370, guid: ecd47492c112bc148ae0968e081d9113,
        type: 3}
      propertyPath: m_Name
      value: Covering6
      objectReference: {fileID: 0}
    - target: {fileID: 5354699702964708401, guid: ecd47492c112bc148ae0968e081d9113,
        type: 3}
      propertyPath: m_RootOrder
      value: 4
      objectReference: {fileID: 0}
    - target: {fileID: 5354699702964708401, guid: ecd47492c112bc148ae0968e081d9113,
        type: 3}
      propertyPath: m_LocalPosition.x
      value: 81.34589
      objectReference: {fileID: 0}
    - target: {fileID: 5354699702964708401, guid: ecd47492c112bc148ae0968e081d9113,
        type: 3}
      propertyPath: m_LocalPosition.y
      value: -1.565508
      objectReference: {fileID: 0}
    - target: {fileID: 5354699702964708401, guid: ecd47492c112bc148ae0968e081d9113,
        type: 3}
      propertyPath: m_LocalPosition.z
      value: 0
      objectReference: {fileID: 0}
    - target: {fileID: 5354699702964708401, guid: ecd47492c112bc148ae0968e081d9113,
        type: 3}
      propertyPath: m_LocalRotation.w
      value: 1
      objectReference: {fileID: 0}
    - target: {fileID: 5354699702964708401, guid: ecd47492c112bc148ae0968e081d9113,
        type: 3}
      propertyPath: m_LocalRotation.x
      value: -0
      objectReference: {fileID: 0}
    - target: {fileID: 5354699702964708401, guid: ecd47492c112bc148ae0968e081d9113,
        type: 3}
      propertyPath: m_LocalRotation.y
      value: -0
      objectReference: {fileID: 0}
    - target: {fileID: 5354699702964708401, guid: ecd47492c112bc148ae0968e081d9113,
        type: 3}
      propertyPath: m_LocalRotation.z
      value: -0
      objectReference: {fileID: 0}
    - target: {fileID: 5354699702964708401, guid: ecd47492c112bc148ae0968e081d9113,
        type: 3}
      propertyPath: m_LocalEulerAnglesHint.x
      value: 0
      objectReference: {fileID: 0}
    - target: {fileID: 5354699702964708401, guid: ecd47492c112bc148ae0968e081d9113,
        type: 3}
      propertyPath: m_LocalEulerAnglesHint.y
      value: 0
      objectReference: {fileID: 0}
    - target: {fileID: 5354699702964708401, guid: ecd47492c112bc148ae0968e081d9113,
        type: 3}
      propertyPath: m_LocalEulerAnglesHint.z
      value: 0
      objectReference: {fileID: 0}
    m_RemovedComponents: []
  m_SourcePrefab: {fileID: 100100000, guid: ecd47492c112bc148ae0968e081d9113, type: 3}
--- !u!1001 &1360497956
PrefabInstance:
  m_ObjectHideFlags: 0
  serializedVersion: 2
  m_Modification:
    m_TransformParent: {fileID: 1823963131}
    m_Modifications:
    - target: {fileID: 5120687691005443095, guid: 0bc8889edaa4e0e41bd19348e82feb02,
        type: 3}
      propertyPath: m_Name
      value: Covering5
      objectReference: {fileID: 0}
    - target: {fileID: 6502644556125810267, guid: 0bc8889edaa4e0e41bd19348e82feb02,
        type: 3}
      propertyPath: m_RootOrder
      value: 5
      objectReference: {fileID: 0}
    - target: {fileID: 6502644556125810267, guid: 0bc8889edaa4e0e41bd19348e82feb02,
        type: 3}
      propertyPath: m_LocalPosition.x
      value: 79.346306
      objectReference: {fileID: 0}
    - target: {fileID: 6502644556125810267, guid: 0bc8889edaa4e0e41bd19348e82feb02,
        type: 3}
      propertyPath: m_LocalPosition.y
      value: -0.98
      objectReference: {fileID: 0}
    - target: {fileID: 6502644556125810267, guid: 0bc8889edaa4e0e41bd19348e82feb02,
        type: 3}
      propertyPath: m_LocalPosition.z
      value: 0
      objectReference: {fileID: 0}
    - target: {fileID: 6502644556125810267, guid: 0bc8889edaa4e0e41bd19348e82feb02,
        type: 3}
      propertyPath: m_LocalRotation.w
      value: 1
      objectReference: {fileID: 0}
    - target: {fileID: 6502644556125810267, guid: 0bc8889edaa4e0e41bd19348e82feb02,
        type: 3}
      propertyPath: m_LocalRotation.x
      value: -0
      objectReference: {fileID: 0}
    - target: {fileID: 6502644556125810267, guid: 0bc8889edaa4e0e41bd19348e82feb02,
        type: 3}
      propertyPath: m_LocalRotation.y
      value: -0
      objectReference: {fileID: 0}
    - target: {fileID: 6502644556125810267, guid: 0bc8889edaa4e0e41bd19348e82feb02,
        type: 3}
      propertyPath: m_LocalRotation.z
      value: -0
      objectReference: {fileID: 0}
    - target: {fileID: 6502644556125810267, guid: 0bc8889edaa4e0e41bd19348e82feb02,
        type: 3}
      propertyPath: m_LocalEulerAnglesHint.x
      value: 0
      objectReference: {fileID: 0}
    - target: {fileID: 6502644556125810267, guid: 0bc8889edaa4e0e41bd19348e82feb02,
        type: 3}
      propertyPath: m_LocalEulerAnglesHint.y
      value: 0
      objectReference: {fileID: 0}
    - target: {fileID: 6502644556125810267, guid: 0bc8889edaa4e0e41bd19348e82feb02,
        type: 3}
      propertyPath: m_LocalEulerAnglesHint.z
      value: 0
      objectReference: {fileID: 0}
    m_RemovedComponents: []
  m_SourcePrefab: {fileID: 100100000, guid: 0bc8889edaa4e0e41bd19348e82feb02, type: 3}
--- !u!1001 &1366470669
PrefabInstance:
  m_ObjectHideFlags: 0
  serializedVersion: 2
  m_Modification:
    m_TransformParent: {fileID: 1823963131}
    m_Modifications:
    - target: {fileID: 5527342228665820993, guid: 40fe050dd59326a4abf6f3c076f08670,
        type: 3}
      propertyPath: m_RootOrder
      value: 2
      objectReference: {fileID: 0}
    - target: {fileID: 5527342228665820993, guid: 40fe050dd59326a4abf6f3c076f08670,
        type: 3}
      propertyPath: m_LocalPosition.x
      value: 0
      objectReference: {fileID: 0}
    - target: {fileID: 5527342228665820993, guid: 40fe050dd59326a4abf6f3c076f08670,
        type: 3}
      propertyPath: m_LocalPosition.y
      value: -1.15
      objectReference: {fileID: 0}
    - target: {fileID: 5527342228665820993, guid: 40fe050dd59326a4abf6f3c076f08670,
        type: 3}
      propertyPath: m_LocalPosition.z
      value: 0
      objectReference: {fileID: 0}
    - target: {fileID: 5527342228665820993, guid: 40fe050dd59326a4abf6f3c076f08670,
        type: 3}
      propertyPath: m_LocalRotation.w
      value: 1
      objectReference: {fileID: 0}
    - target: {fileID: 5527342228665820993, guid: 40fe050dd59326a4abf6f3c076f08670,
        type: 3}
      propertyPath: m_LocalRotation.x
      value: -0
      objectReference: {fileID: 0}
    - target: {fileID: 5527342228665820993, guid: 40fe050dd59326a4abf6f3c076f08670,
        type: 3}
      propertyPath: m_LocalRotation.y
      value: -0
      objectReference: {fileID: 0}
    - target: {fileID: 5527342228665820993, guid: 40fe050dd59326a4abf6f3c076f08670,
        type: 3}
      propertyPath: m_LocalRotation.z
      value: -0
      objectReference: {fileID: 0}
    - target: {fileID: 5527342228665820993, guid: 40fe050dd59326a4abf6f3c076f08670,
        type: 3}
      propertyPath: m_LocalEulerAnglesHint.x
      value: 0
      objectReference: {fileID: 0}
    - target: {fileID: 5527342228665820993, guid: 40fe050dd59326a4abf6f3c076f08670,
        type: 3}
      propertyPath: m_LocalEulerAnglesHint.y
      value: 0
      objectReference: {fileID: 0}
    - target: {fileID: 5527342228665820993, guid: 40fe050dd59326a4abf6f3c076f08670,
        type: 3}
      propertyPath: m_LocalEulerAnglesHint.z
      value: 0
      objectReference: {fileID: 0}
    - target: {fileID: 7442893935984207594, guid: 40fe050dd59326a4abf6f3c076f08670,
        type: 3}
      propertyPath: m_Name
      value: Covering (1)
      objectReference: {fileID: 0}
    - target: {fileID: 9159829184463135011, guid: 40fe050dd59326a4abf6f3c076f08670,
        type: 3}
      propertyPath: m_Materials.Array.data[0]
      value: 
      objectReference: {fileID: 2100000, guid: b21bd1b89c0b9354983fbb0a632455cd, type: 2}
    m_RemovedComponents: []
  m_SourcePrefab: {fileID: 100100000, guid: 40fe050dd59326a4abf6f3c076f08670, type: 3}
--- !u!1001 &1488780952
PrefabInstance:
  m_ObjectHideFlags: 0
  serializedVersion: 2
  m_Modification:
    m_TransformParent: {fileID: 1023790761}
    m_Modifications:
    - target: {fileID: 3035971654861099221, guid: 0b69e663c257d1542b5d3f70031a56db,
        type: 3}
      propertyPath: m_RootOrder
      value: 2
      objectReference: {fileID: 0}
    - target: {fileID: 3035971654861099221, guid: 0b69e663c257d1542b5d3f70031a56db,
        type: 3}
      propertyPath: m_LocalPosition.x
      value: 84.31151
      objectReference: {fileID: 0}
    - target: {fileID: 3035971654861099221, guid: 0b69e663c257d1542b5d3f70031a56db,
        type: 3}
      propertyPath: m_LocalPosition.y
      value: -1.565508
      objectReference: {fileID: 0}
    - target: {fileID: 3035971654861099221, guid: 0b69e663c257d1542b5d3f70031a56db,
        type: 3}
      propertyPath: m_LocalPosition.z
      value: 0
      objectReference: {fileID: 0}
    - target: {fileID: 3035971654861099221, guid: 0b69e663c257d1542b5d3f70031a56db,
        type: 3}
      propertyPath: m_LocalRotation.w
      value: 1
      objectReference: {fileID: 0}
    - target: {fileID: 3035971654861099221, guid: 0b69e663c257d1542b5d3f70031a56db,
        type: 3}
      propertyPath: m_LocalRotation.x
      value: -0
      objectReference: {fileID: 0}
    - target: {fileID: 3035971654861099221, guid: 0b69e663c257d1542b5d3f70031a56db,
        type: 3}
      propertyPath: m_LocalRotation.y
      value: -0
      objectReference: {fileID: 0}
    - target: {fileID: 3035971654861099221, guid: 0b69e663c257d1542b5d3f70031a56db,
        type: 3}
      propertyPath: m_LocalRotation.z
      value: -0
      objectReference: {fileID: 0}
    - target: {fileID: 3035971654861099221, guid: 0b69e663c257d1542b5d3f70031a56db,
        type: 3}
      propertyPath: m_LocalEulerAnglesHint.x
      value: 0
      objectReference: {fileID: 0}
    - target: {fileID: 3035971654861099221, guid: 0b69e663c257d1542b5d3f70031a56db,
        type: 3}
      propertyPath: m_LocalEulerAnglesHint.y
      value: 0
      objectReference: {fileID: 0}
    - target: {fileID: 3035971654861099221, guid: 0b69e663c257d1542b5d3f70031a56db,
        type: 3}
      propertyPath: m_LocalEulerAnglesHint.z
      value: 0
      objectReference: {fileID: 0}
    - target: {fileID: 4046524071250260435, guid: 0b69e663c257d1542b5d3f70031a56db,
        type: 3}
      propertyPath: m_Name
      value: Covering3 (1)
      objectReference: {fileID: 0}
    m_RemovedComponents: []
  m_SourcePrefab: {fileID: 100100000, guid: 0b69e663c257d1542b5d3f70031a56db, type: 3}
--- !u!1001 &1642932798
PrefabInstance:
  m_ObjectHideFlags: 0
  serializedVersion: 2
  m_Modification:
    m_TransformParent: {fileID: 1823963131}
    m_Modifications:
    - target: {fileID: 1104114581813182370, guid: ecd47492c112bc148ae0968e081d9113,
        type: 3}
      propertyPath: m_Name
      value: Covering6
      objectReference: {fileID: 0}
    - target: {fileID: 5354699702964708401, guid: ecd47492c112bc148ae0968e081d9113,
        type: 3}
      propertyPath: m_RootOrder
      value: 1
      objectReference: {fileID: 0}
    - target: {fileID: 5354699702964708401, guid: ecd47492c112bc148ae0968e081d9113,
        type: 3}
      propertyPath: m_LocalPosition.x
      value: 81.25
      objectReference: {fileID: 0}
    - target: {fileID: 5354699702964708401, guid: ecd47492c112bc148ae0968e081d9113,
        type: 3}
      propertyPath: m_LocalPosition.y
      value: -0.98
      objectReference: {fileID: 0}
    - target: {fileID: 5354699702964708401, guid: ecd47492c112bc148ae0968e081d9113,
        type: 3}
      propertyPath: m_LocalPosition.z
      value: 0
      objectReference: {fileID: 0}
    - target: {fileID: 5354699702964708401, guid: ecd47492c112bc148ae0968e081d9113,
        type: 3}
      propertyPath: m_LocalRotation.w
      value: 1
      objectReference: {fileID: 0}
    - target: {fileID: 5354699702964708401, guid: ecd47492c112bc148ae0968e081d9113,
        type: 3}
      propertyPath: m_LocalRotation.x
      value: -0
      objectReference: {fileID: 0}
    - target: {fileID: 5354699702964708401, guid: ecd47492c112bc148ae0968e081d9113,
        type: 3}
      propertyPath: m_LocalRotation.y
      value: -0
      objectReference: {fileID: 0}
    - target: {fileID: 5354699702964708401, guid: ecd47492c112bc148ae0968e081d9113,
        type: 3}
      propertyPath: m_LocalRotation.z
      value: -0
      objectReference: {fileID: 0}
    - target: {fileID: 5354699702964708401, guid: ecd47492c112bc148ae0968e081d9113,
        type: 3}
      propertyPath: m_LocalEulerAnglesHint.x
      value: 0
      objectReference: {fileID: 0}
    - target: {fileID: 5354699702964708401, guid: ecd47492c112bc148ae0968e081d9113,
        type: 3}
      propertyPath: m_LocalEulerAnglesHint.y
      value: 0
      objectReference: {fileID: 0}
    - target: {fileID: 5354699702964708401, guid: ecd47492c112bc148ae0968e081d9113,
        type: 3}
      propertyPath: m_LocalEulerAnglesHint.z
      value: 0
      objectReference: {fileID: 0}
    m_RemovedComponents: []
  m_SourcePrefab: {fileID: 100100000, guid: ecd47492c112bc148ae0968e081d9113, type: 3}
--- !u!1001 &1673768938
PrefabInstance:
  m_ObjectHideFlags: 0
  serializedVersion: 2
  m_Modification:
    m_TransformParent: {fileID: 1023790761}
    m_Modifications:
    - target: {fileID: 5120687691005443095, guid: 0bc8889edaa4e0e41bd19348e82feb02,
        type: 3}
      propertyPath: m_Name
      value: Covering5
      objectReference: {fileID: 0}
    - target: {fileID: 6502644556125810267, guid: 0bc8889edaa4e0e41bd19348e82feb02,
        type: 3}
      propertyPath: m_RootOrder
      value: 0
      objectReference: {fileID: 0}
    - target: {fileID: 6502644556125810267, guid: 0bc8889edaa4e0e41bd19348e82feb02,
        type: 3}
      propertyPath: m_LocalPosition.x
      value: 85.73943
      objectReference: {fileID: 0}
    - target: {fileID: 6502644556125810267, guid: 0bc8889edaa4e0e41bd19348e82feb02,
        type: 3}
      propertyPath: m_LocalPosition.y
      value: -1.565508
      objectReference: {fileID: 0}
    - target: {fileID: 6502644556125810267, guid: 0bc8889edaa4e0e41bd19348e82feb02,
        type: 3}
      propertyPath: m_LocalPosition.z
      value: 0
      objectReference: {fileID: 0}
    - target: {fileID: 6502644556125810267, guid: 0bc8889edaa4e0e41bd19348e82feb02,
        type: 3}
      propertyPath: m_LocalRotation.w
      value: 1
      objectReference: {fileID: 0}
    - target: {fileID: 6502644556125810267, guid: 0bc8889edaa4e0e41bd19348e82feb02,
        type: 3}
      propertyPath: m_LocalRotation.x
      value: -0
      objectReference: {fileID: 0}
    - target: {fileID: 6502644556125810267, guid: 0bc8889edaa4e0e41bd19348e82feb02,
        type: 3}
      propertyPath: m_LocalRotation.y
      value: -0
      objectReference: {fileID: 0}
    - target: {fileID: 6502644556125810267, guid: 0bc8889edaa4e0e41bd19348e82feb02,
        type: 3}
      propertyPath: m_LocalRotation.z
      value: -0
      objectReference: {fileID: 0}
    - target: {fileID: 6502644556125810267, guid: 0bc8889edaa4e0e41bd19348e82feb02,
        type: 3}
      propertyPath: m_LocalEulerAnglesHint.x
      value: 0
      objectReference: {fileID: 0}
    - target: {fileID: 6502644556125810267, guid: 0bc8889edaa4e0e41bd19348e82feb02,
        type: 3}
      propertyPath: m_LocalEulerAnglesHint.y
      value: 0
      objectReference: {fileID: 0}
    - target: {fileID: 6502644556125810267, guid: 0bc8889edaa4e0e41bd19348e82feb02,
        type: 3}
      propertyPath: m_LocalEulerAnglesHint.z
      value: 0
      objectReference: {fileID: 0}
    m_RemovedComponents: []
  m_SourcePrefab: {fileID: 100100000, guid: 0bc8889edaa4e0e41bd19348e82feb02, type: 3}
--- !u!1001 &1823963129
PrefabInstance:
  m_ObjectHideFlags: 0
  serializedVersion: 2
  m_Modification:
    m_TransformParent: {fileID: 0}
    m_Modifications:
    - target: {fileID: 313717137870215674, guid: 2a8b372dfd8221d4bb8b7fbb8c50c2ce,
        type: 3}
      propertyPath: m_LocalPosition.x
      value: 85.94971
      objectReference: {fileID: 0}
    - target: {fileID: 1502366203283406258, guid: 2a8b372dfd8221d4bb8b7fbb8c50c2ce,
        type: 3}
      propertyPath: m_LocalPosition.z
      value: 0
      objectReference: {fileID: 0}
    - target: {fileID: 2175710233271620722, guid: 2a8b372dfd8221d4bb8b7fbb8c50c2ce,
        type: 3}
      propertyPath: m_Name
      value: ScenePrefab
      objectReference: {fileID: 0}
    - target: {fileID: 2175710233271620722, guid: 2a8b372dfd8221d4bb8b7fbb8c50c2ce,
        type: 3}
      propertyPath: m_IsActive
      value: 0
      objectReference: {fileID: 0}
    - target: {fileID: 2729037028314151804, guid: 2a8b372dfd8221d4bb8b7fbb8c50c2ce,
        type: 3}
      propertyPath: m_Mesh
      value: 
      objectReference: {fileID: 0}
    - target: {fileID: 3297061980896017134, guid: 2a8b372dfd8221d4bb8b7fbb8c50c2ce,
        type: 3}
      propertyPath: m_LocalPosition.z
      value: 0
      objectReference: {fileID: 0}
    - target: {fileID: 3446694299441341244, guid: 2a8b372dfd8221d4bb8b7fbb8c50c2ce,
        type: 3}
      propertyPath: m_RootOrder
      value: 1
      objectReference: {fileID: 0}
    - target: {fileID: 3446694299441341244, guid: 2a8b372dfd8221d4bb8b7fbb8c50c2ce,
        type: 3}
      propertyPath: m_LocalPosition.x
      value: 0
      objectReference: {fileID: 0}
    - target: {fileID: 3446694299441341244, guid: 2a8b372dfd8221d4bb8b7fbb8c50c2ce,
        type: 3}
      propertyPath: m_LocalPosition.y
      value: 0
      objectReference: {fileID: 0}
    - target: {fileID: 3446694299441341244, guid: 2a8b372dfd8221d4bb8b7fbb8c50c2ce,
        type: 3}
      propertyPath: m_LocalPosition.z
      value: -10
      objectReference: {fileID: 0}
    - target: {fileID: 3446694299441341244, guid: 2a8b372dfd8221d4bb8b7fbb8c50c2ce,
        type: 3}
      propertyPath: m_LocalRotation.w
      value: 1
      objectReference: {fileID: 0}
    - target: {fileID: 3446694299441341244, guid: 2a8b372dfd8221d4bb8b7fbb8c50c2ce,
        type: 3}
      propertyPath: m_LocalRotation.x
      value: 0
      objectReference: {fileID: 0}
    - target: {fileID: 3446694299441341244, guid: 2a8b372dfd8221d4bb8b7fbb8c50c2ce,
        type: 3}
      propertyPath: m_LocalRotation.y
      value: 0
      objectReference: {fileID: 0}
    - target: {fileID: 3446694299441341244, guid: 2a8b372dfd8221d4bb8b7fbb8c50c2ce,
        type: 3}
      propertyPath: m_LocalRotation.z
      value: 0
      objectReference: {fileID: 0}
    - target: {fileID: 3446694299441341244, guid: 2a8b372dfd8221d4bb8b7fbb8c50c2ce,
        type: 3}
      propertyPath: m_LocalEulerAnglesHint.x
      value: 0
      objectReference: {fileID: 0}
    - target: {fileID: 3446694299441341244, guid: 2a8b372dfd8221d4bb8b7fbb8c50c2ce,
        type: 3}
      propertyPath: m_LocalEulerAnglesHint.y
      value: 0
      objectReference: {fileID: 0}
    - target: {fileID: 3446694299441341244, guid: 2a8b372dfd8221d4bb8b7fbb8c50c2ce,
        type: 3}
      propertyPath: m_LocalEulerAnglesHint.z
      value: 0
      objectReference: {fileID: 0}
    - target: {fileID: 7357044427251923040, guid: 2a8b372dfd8221d4bb8b7fbb8c50c2ce,
        type: 3}
      propertyPath: m_Enabled
      value: 1
      objectReference: {fileID: 0}
    - target: {fileID: 7357044427251923040, guid: 2a8b372dfd8221d4bb8b7fbb8c50c2ce,
        type: 3}
      propertyPath: _dialogueToLoadOnFinish
      value: D1_Main5
      objectReference: {fileID: 0}
    m_RemovedComponents: []
  m_SourcePrefab: {fileID: 100100000, guid: 2a8b372dfd8221d4bb8b7fbb8c50c2ce, type: 3}
--- !u!4 &1823963130 stripped
Transform:
  m_CorrespondingSourceObject: {fileID: 1625053633438997589, guid: 2a8b372dfd8221d4bb8b7fbb8c50c2ce,
    type: 3}
  m_PrefabInstance: {fileID: 1823963129}
  m_PrefabAsset: {fileID: 0}
--- !u!4 &1823963131 stripped
Transform:
  m_CorrespondingSourceObject: {fileID: 7934781235446804242, guid: 2a8b372dfd8221d4bb8b7fbb8c50c2ce,
    type: 3}
  m_PrefabInstance: {fileID: 1823963129}
  m_PrefabAsset: {fileID: 0}
--- !u!1001 &1925654237
PrefabInstance:
  m_ObjectHideFlags: 0
  serializedVersion: 2
  m_Modification:
    m_TransformParent: {fileID: 1023790761}
    m_Modifications:
    - target: {fileID: 5527342228665820993, guid: 40fe050dd59326a4abf6f3c076f08670,
        type: 3}
      propertyPath: m_RootOrder
      value: 1
      objectReference: {fileID: 0}
    - target: {fileID: 5527342228665820993, guid: 40fe050dd59326a4abf6f3c076f08670,
        type: 3}
      propertyPath: m_LocalPosition.x
      value: 80.6094
      objectReference: {fileID: 0}
    - target: {fileID: 5527342228665820993, guid: 40fe050dd59326a4abf6f3c076f08670,
        type: 3}
      propertyPath: m_LocalPosition.y
      value: -1.565508
      objectReference: {fileID: 0}
    - target: {fileID: 5527342228665820993, guid: 40fe050dd59326a4abf6f3c076f08670,
        type: 3}
      propertyPath: m_LocalPosition.z
      value: 0
      objectReference: {fileID: 0}
    - target: {fileID: 5527342228665820993, guid: 40fe050dd59326a4abf6f3c076f08670,
        type: 3}
      propertyPath: m_LocalRotation.w
      value: 1
      objectReference: {fileID: 0}
    - target: {fileID: 5527342228665820993, guid: 40fe050dd59326a4abf6f3c076f08670,
        type: 3}
      propertyPath: m_LocalRotation.x
      value: -0
      objectReference: {fileID: 0}
    - target: {fileID: 5527342228665820993, guid: 40fe050dd59326a4abf6f3c076f08670,
        type: 3}
      propertyPath: m_LocalRotation.y
      value: -0
      objectReference: {fileID: 0}
    - target: {fileID: 5527342228665820993, guid: 40fe050dd59326a4abf6f3c076f08670,
        type: 3}
      propertyPath: m_LocalRotation.z
      value: -0
      objectReference: {fileID: 0}
    - target: {fileID: 5527342228665820993, guid: 40fe050dd59326a4abf6f3c076f08670,
        type: 3}
      propertyPath: m_LocalEulerAnglesHint.x
      value: 0
      objectReference: {fileID: 0}
    - target: {fileID: 5527342228665820993, guid: 40fe050dd59326a4abf6f3c076f08670,
        type: 3}
      propertyPath: m_LocalEulerAnglesHint.y
      value: 0
      objectReference: {fileID: 0}
    - target: {fileID: 5527342228665820993, guid: 40fe050dd59326a4abf6f3c076f08670,
        type: 3}
      propertyPath: m_LocalEulerAnglesHint.z
      value: 0
      objectReference: {fileID: 0}
    - target: {fileID: 7442893935984207594, guid: 40fe050dd59326a4abf6f3c076f08670,
        type: 3}
      propertyPath: m_Name
      value: Covering (2)
      objectReference: {fileID: 0}
    m_RemovedComponents: []
  m_SourcePrefab: {fileID: 100100000, guid: 40fe050dd59326a4abf6f3c076f08670, type: 3}
--- !u!1001 &1992743502
PrefabInstance:
  m_ObjectHideFlags: 0
  serializedVersion: 2
  m_Modification:
    m_TransformParent: {fileID: 1823963131}
    m_Modifications:
    - target: {fileID: 5527342228665820993, guid: 40fe050dd59326a4abf6f3c076f08670,
        type: 3}
      propertyPath: m_RootOrder
      value: 4
      objectReference: {fileID: 0}
    - target: {fileID: 5527342228665820993, guid: 40fe050dd59326a4abf6f3c076f08670,
        type: 3}
      propertyPath: m_LocalPosition.x
      value: 82.739075
      objectReference: {fileID: 0}
    - target: {fileID: 5527342228665820993, guid: 40fe050dd59326a4abf6f3c076f08670,
        type: 3}
      propertyPath: m_LocalPosition.y
      value: -0.98
      objectReference: {fileID: 0}
    - target: {fileID: 5527342228665820993, guid: 40fe050dd59326a4abf6f3c076f08670,
        type: 3}
      propertyPath: m_LocalPosition.z
      value: 0
      objectReference: {fileID: 0}
    - target: {fileID: 5527342228665820993, guid: 40fe050dd59326a4abf6f3c076f08670,
        type: 3}
      propertyPath: m_LocalRotation.w
      value: 1
      objectReference: {fileID: 0}
    - target: {fileID: 5527342228665820993, guid: 40fe050dd59326a4abf6f3c076f08670,
        type: 3}
      propertyPath: m_LocalRotation.x
      value: -0
      objectReference: {fileID: 0}
    - target: {fileID: 5527342228665820993, guid: 40fe050dd59326a4abf6f3c076f08670,
        type: 3}
      propertyPath: m_LocalRotation.y
      value: -0
      objectReference: {fileID: 0}
    - target: {fileID: 5527342228665820993, guid: 40fe050dd59326a4abf6f3c076f08670,
        type: 3}
      propertyPath: m_LocalRotation.z
      value: -0
      objectReference: {fileID: 0}
    - target: {fileID: 5527342228665820993, guid: 40fe050dd59326a4abf6f3c076f08670,
        type: 3}
      propertyPath: m_LocalEulerAnglesHint.x
      value: 0
      objectReference: {fileID: 0}
    - target: {fileID: 5527342228665820993, guid: 40fe050dd59326a4abf6f3c076f08670,
        type: 3}
      propertyPath: m_LocalEulerAnglesHint.y
      value: 0
      objectReference: {fileID: 0}
    - target: {fileID: 5527342228665820993, guid: 40fe050dd59326a4abf6f3c076f08670,
        type: 3}
      propertyPath: m_LocalEulerAnglesHint.z
      value: 0
      objectReference: {fileID: 0}
    - target: {fileID: 7442893935984207594, guid: 40fe050dd59326a4abf6f3c076f08670,
        type: 3}
      propertyPath: m_Name
      value: Covering
      objectReference: {fileID: 0}
    m_RemovedComponents: []
  m_SourcePrefab: {fileID: 100100000, guid: 40fe050dd59326a4abf6f3c076f08670, type: 3}
--- !u!1001 &8369092987986571743
PrefabInstance:
  m_ObjectHideFlags: 0
  serializedVersion: 2
  m_Modification:
    m_TransformParent: {fileID: 1823963130}
    m_Modifications:
    - target: {fileID: 8369092987232642426, guid: 1c1467b71d8d982468977b946158a2a3,
        type: 3}
      propertyPath: m_RootOrder
      value: 0
      objectReference: {fileID: 0}
    - target: {fileID: 8369092987232642426, guid: 1c1467b71d8d982468977b946158a2a3,
        type: 3}
      propertyPath: m_LocalPosition.x
      value: 10.020668
      objectReference: {fileID: 0}
    - target: {fileID: 8369092987232642426, guid: 1c1467b71d8d982468977b946158a2a3,
        type: 3}
      propertyPath: m_LocalPosition.y
      value: -1.754908
      objectReference: {fileID: 0}
    - target: {fileID: 8369092987232642426, guid: 1c1467b71d8d982468977b946158a2a3,
        type: 3}
      propertyPath: m_LocalPosition.z
      value: 0
      objectReference: {fileID: 0}
    - target: {fileID: 8369092987232642426, guid: 1c1467b71d8d982468977b946158a2a3,
        type: 3}
      propertyPath: m_LocalRotation.w
      value: 1
      objectReference: {fileID: 0}
    - target: {fileID: 8369092987232642426, guid: 1c1467b71d8d982468977b946158a2a3,
        type: 3}
      propertyPath: m_LocalRotation.x
      value: -0
      objectReference: {fileID: 0}
    - target: {fileID: 8369092987232642426, guid: 1c1467b71d8d982468977b946158a2a3,
        type: 3}
      propertyPath: m_LocalRotation.y
      value: -0
      objectReference: {fileID: 0}
    - target: {fileID: 8369092987232642426, guid: 1c1467b71d8d982468977b946158a2a3,
        type: 3}
      propertyPath: m_LocalRotation.z
      value: -0
      objectReference: {fileID: 0}
    - target: {fileID: 8369092987232642426, guid: 1c1467b71d8d982468977b946158a2a3,
        type: 3}
      propertyPath: m_LocalEulerAnglesHint.x
      value: 0
      objectReference: {fileID: 0}
    - target: {fileID: 8369092987232642426, guid: 1c1467b71d8d982468977b946158a2a3,
        type: 3}
      propertyPath: m_LocalEulerAnglesHint.y
      value: 0
      objectReference: {fileID: 0}
    - target: {fileID: 8369092987232642426, guid: 1c1467b71d8d982468977b946158a2a3,
        type: 3}
      propertyPath: m_LocalEulerAnglesHint.z
      value: 0
      objectReference: {fileID: 0}
    - target: {fileID: 8369092987232642429, guid: 1c1467b71d8d982468977b946158a2a3,
        type: 3}
      propertyPath: _fovAngle
      value: 100
      objectReference: {fileID: 0}
    - target: {fileID: 8369092987232642429, guid: 1c1467b71d8d982468977b946158a2a3,
        type: 3}
      propertyPath: _enemyRaiseTime
      value: 6
      objectReference: {fileID: 0}
    - target: {fileID: 8369092987232642429, guid: 1c1467b71d8d982468977b946158a2a3,
        type: 3}
      propertyPath: _raycastDownTime
      value: 13
      objectReference: {fileID: 0}
    - target: {fileID: 8369092987232642429, guid: 1c1467b71d8d982468977b946158a2a3,
        type: 3}
      propertyPath: _raycastDownDelay
      value: 6
      objectReference: {fileID: 0}
    - target: {fileID: 8369092987232642429, guid: 1c1467b71d8d982468977b946158a2a3,
        type: 3}
      propertyPath: _raycastStartDelay
      value: 5
      objectReference: {fileID: 0}
    - target: {fileID: 8369092987232642430, guid: 1c1467b71d8d982468977b946158a2a3,
        type: 3}
      propertyPath: m_Name
      value: EnemyTrigger
      objectReference: {fileID: 0}
    m_RemovedComponents: []
  m_SourcePrefab: {fileID: 100100000, guid: 1c1467b71d8d982468977b946158a2a3, type: 3}
