%YAML 1.1
%TAG !u! tag:unity3d.com,2011:
--- !u!29 &1
OcclusionCullingSettings:
  m_ObjectHideFlags: 0
  serializedVersion: 2
  m_OcclusionBakeSettings:
    smallestOccluder: 5
    smallestHole: 0.25
    backfaceThreshold: 100
  m_SceneGUID: 00000000000000000000000000000000
  m_OcclusionCullingData: {fileID: 0}
--- !u!104 &2
RenderSettings:
  m_ObjectHideFlags: 0
  serializedVersion: 9
  m_Fog: 0
  m_FogColor: {r: 0.5, g: 0.5, b: 0.5, a: 1}
  m_FogMode: 3
  m_FogDensity: 0.01
  m_LinearFogStart: 0
  m_LinearFogEnd: 300
  m_AmbientSkyColor: {r: 0.212, g: 0.227, b: 0.259, a: 1}
  m_AmbientEquatorColor: {r: 0.114, g: 0.125, b: 0.133, a: 1}
  m_AmbientGroundColor: {r: 0.047, g: 0.043, b: 0.035, a: 1}
  m_AmbientIntensity: 1
  m_AmbientMode: 3
  m_SubtractiveShadowColor: {r: 0.42, g: 0.478, b: 0.627, a: 1}
  m_SkyboxMaterial: {fileID: 0}
  m_HaloStrength: 0.5
  m_FlareStrength: 1
  m_FlareFadeSpeed: 3
  m_HaloTexture: {fileID: 0}
  m_SpotCookie: {fileID: 10001, guid: 0000000000000000e000000000000000, type: 0}
  m_DefaultReflectionMode: 0
  m_DefaultReflectionResolution: 128
  m_ReflectionBounces: 1
  m_ReflectionIntensity: 1
  m_CustomReflection: {fileID: 0}
  m_Sun: {fileID: 0}
  m_IndirectSpecularColor: {r: 0, g: 0, b: 0, a: 1}
  m_UseRadianceAmbientProbe: 0
--- !u!157 &3
LightmapSettings:
  m_ObjectHideFlags: 0
  serializedVersion: 11
  m_GIWorkflowMode: 1
  m_GISettings:
    serializedVersion: 2
    m_BounceScale: 1
    m_IndirectOutputScale: 1
    m_AlbedoBoost: 1
    m_EnvironmentLightingMode: 0
    m_EnableBakedLightmaps: 0
    m_EnableRealtimeLightmaps: 0
  m_LightmapEditorSettings:
    serializedVersion: 12
    m_Resolution: 2
    m_BakeResolution: 40
    m_AtlasSize: 1024
    m_AO: 0
    m_AOMaxDistance: 1
    m_CompAOExponent: 1
    m_CompAOExponentDirect: 0
    m_ExtractAmbientOcclusion: 0
    m_Padding: 2
    m_LightmapParameters: {fileID: 0}
    m_LightmapsBakeMode: 1
    m_TextureCompression: 1
    m_FinalGather: 0
    m_FinalGatherFiltering: 1
    m_FinalGatherRayCount: 256
    m_ReflectionCompression: 2
    m_MixedBakeMode: 2
    m_BakeBackend: 0
    m_PVRSampling: 1
    m_PVRDirectSampleCount: 32
    m_PVRSampleCount: 500
    m_PVRBounces: 2
    m_PVREnvironmentSampleCount: 500
    m_PVREnvironmentReferencePointCount: 2048
    m_PVRFilteringMode: 2
    m_PVRDenoiserTypeDirect: 0
    m_PVRDenoiserTypeIndirect: 0
    m_PVRDenoiserTypeAO: 0
    m_PVRFilterTypeDirect: 0
    m_PVRFilterTypeIndirect: 0
    m_PVRFilterTypeAO: 0
    m_PVREnvironmentMIS: 0
    m_PVRCulling: 1
    m_PVRFilteringGaussRadiusDirect: 1
    m_PVRFilteringGaussRadiusIndirect: 5
    m_PVRFilteringGaussRadiusAO: 2
    m_PVRFilteringAtrousPositionSigmaDirect: 0.5
    m_PVRFilteringAtrousPositionSigmaIndirect: 2
    m_PVRFilteringAtrousPositionSigmaAO: 1
    m_ExportTrainingData: 0
    m_TrainingDataDestination: TrainingData
    m_LightProbeSampleCountMultiplier: 4
  m_LightingDataAsset: {fileID: 0}
  m_UseShadowmask: 0
--- !u!196 &4
NavMeshSettings:
  serializedVersion: 2
  m_ObjectHideFlags: 0
  m_BuildSettings:
    serializedVersion: 2
    agentTypeID: 0
    agentRadius: 0.5
    agentHeight: 2
    agentSlope: 45
    agentClimb: 0.4
    ledgeDropHeight: 0
    maxJumpAcrossDistance: 0
    minRegionArea: 2
    manualCellSize: 0
    cellSize: 0.16666667
    manualTileSize: 0
    tileSize: 256
    accuratePlacement: 0
    debug:
      m_Flags: 0
  m_NavMeshData: {fileID: 0}
--- !u!1001 &23013677
PrefabInstance:
  m_ObjectHideFlags: 0
  serializedVersion: 2
  m_Modification:
    m_TransformParent: {fileID: 1725478484}
    m_Modifications:
    - target: {fileID: 1130971739827925578, guid: 32de3576f756d9143ab82f1c90106b63,
        type: 3}
      propertyPath: m_RootOrder
      value: 0
      objectReference: {fileID: 0}
    - target: {fileID: 1130971739827925578, guid: 32de3576f756d9143ab82f1c90106b63,
        type: 3}
      propertyPath: m_LocalPosition.x
      value: 14.304877
      objectReference: {fileID: 0}
    - target: {fileID: 1130971739827925578, guid: 32de3576f756d9143ab82f1c90106b63,
        type: 3}
      propertyPath: m_LocalPosition.y
      value: -1.8765051
      objectReference: {fileID: 0}
    - target: {fileID: 1130971739827925578, guid: 32de3576f756d9143ab82f1c90106b63,
        type: 3}
      propertyPath: m_LocalPosition.z
      value: 90.19915
      objectReference: {fileID: 0}
    - target: {fileID: 1130971739827925578, guid: 32de3576f756d9143ab82f1c90106b63,
        type: 3}
      propertyPath: m_LocalRotation.w
      value: 1
      objectReference: {fileID: 0}
    - target: {fileID: 1130971739827925578, guid: 32de3576f756d9143ab82f1c90106b63,
        type: 3}
      propertyPath: m_LocalRotation.x
      value: -0
      objectReference: {fileID: 0}
    - target: {fileID: 1130971739827925578, guid: 32de3576f756d9143ab82f1c90106b63,
        type: 3}
      propertyPath: m_LocalRotation.y
      value: -0
      objectReference: {fileID: 0}
    - target: {fileID: 1130971739827925578, guid: 32de3576f756d9143ab82f1c90106b63,
        type: 3}
      propertyPath: m_LocalRotation.z
      value: -0
      objectReference: {fileID: 0}
    - target: {fileID: 1130971739827925578, guid: 32de3576f756d9143ab82f1c90106b63,
        type: 3}
      propertyPath: m_LocalEulerAnglesHint.x
      value: 0
      objectReference: {fileID: 0}
    - target: {fileID: 1130971739827925578, guid: 32de3576f756d9143ab82f1c90106b63,
        type: 3}
      propertyPath: m_LocalEulerAnglesHint.y
      value: 0
      objectReference: {fileID: 0}
    - target: {fileID: 1130971739827925578, guid: 32de3576f756d9143ab82f1c90106b63,
        type: 3}
      propertyPath: m_LocalEulerAnglesHint.z
      value: 0
      objectReference: {fileID: 0}
    - target: {fileID: 1130971739827925686, guid: 32de3576f756d9143ab82f1c90106b63,
        type: 3}
      propertyPath: m_Name
      value: SlowZone
      objectReference: {fileID: 0}
    m_RemovedComponents: []
  m_SourcePrefab: {fileID: 100100000, guid: 32de3576f756d9143ab82f1c90106b63, type: 3}
--- !u!4 &23013678 stripped
Transform:
  m_CorrespondingSourceObject: {fileID: 1130971739827925578, guid: 32de3576f756d9143ab82f1c90106b63,
    type: 3}
  m_PrefabInstance: {fileID: 23013677}
  m_PrefabAsset: {fileID: 0}
--- !u!1001 &114564449
PrefabInstance:
  m_ObjectHideFlags: 0
  serializedVersion: 2
  m_Modification:
    m_TransformParent: {fileID: 1725478484}
    m_Modifications:
    - target: {fileID: 7209048194190318533, guid: f040426e15ef2284898620d7c74467f2,
        type: 3}
      propertyPath: m_RootOrder
      value: 4
      objectReference: {fileID: 0}
    - target: {fileID: 7209048194190318533, guid: f040426e15ef2284898620d7c74467f2,
        type: 3}
      propertyPath: m_LocalPosition.x
      value: 5.544877
      objectReference: {fileID: 0}
    - target: {fileID: 7209048194190318533, guid: f040426e15ef2284898620d7c74467f2,
        type: 3}
      propertyPath: m_LocalPosition.y
      value: -1.8765051
      objectReference: {fileID: 0}
    - target: {fileID: 7209048194190318533, guid: f040426e15ef2284898620d7c74467f2,
        type: 3}
      propertyPath: m_LocalPosition.z
      value: 90.19915
      objectReference: {fileID: 0}
    - target: {fileID: 7209048194190318533, guid: f040426e15ef2284898620d7c74467f2,
        type: 3}
      propertyPath: m_LocalRotation.w
      value: 1
      objectReference: {fileID: 0}
    - target: {fileID: 7209048194190318533, guid: f040426e15ef2284898620d7c74467f2,
        type: 3}
      propertyPath: m_LocalRotation.x
      value: -0
      objectReference: {fileID: 0}
    - target: {fileID: 7209048194190318533, guid: f040426e15ef2284898620d7c74467f2,
        type: 3}
      propertyPath: m_LocalRotation.y
      value: -0
      objectReference: {fileID: 0}
    - target: {fileID: 7209048194190318533, guid: f040426e15ef2284898620d7c74467f2,
        type: 3}
      propertyPath: m_LocalRotation.z
      value: -0
      objectReference: {fileID: 0}
    - target: {fileID: 7209048194190318533, guid: f040426e15ef2284898620d7c74467f2,
        type: 3}
      propertyPath: m_LocalEulerAnglesHint.x
      value: 0
      objectReference: {fileID: 0}
    - target: {fileID: 7209048194190318533, guid: f040426e15ef2284898620d7c74467f2,
        type: 3}
      propertyPath: m_LocalEulerAnglesHint.y
      value: 0
      objectReference: {fileID: 0}
    - target: {fileID: 7209048194190318533, guid: f040426e15ef2284898620d7c74467f2,
        type: 3}
      propertyPath: m_LocalEulerAnglesHint.z
      value: 0
      objectReference: {fileID: 0}
    - target: {fileID: 7209048194190318553, guid: f040426e15ef2284898620d7c74467f2,
        type: 3}
      propertyPath: m_Name
      value: QuickZone
      objectReference: {fileID: 0}
    m_RemovedComponents: []
  m_SourcePrefab: {fileID: 100100000, guid: f040426e15ef2284898620d7c74467f2, type: 3}
--- !u!4 &114564450 stripped
Transform:
  m_CorrespondingSourceObject: {fileID: 7209048194190318533, guid: f040426e15ef2284898620d7c74467f2,
    type: 3}
  m_PrefabInstance: {fileID: 114564449}
  m_PrefabAsset: {fileID: 0}
--- !u!1001 &218457299
PrefabInstance:
  m_ObjectHideFlags: 0
  serializedVersion: 2
  m_Modification:
    m_TransformParent: {fileID: 0}
    m_Modifications:
    - target: {fileID: 107685316582343316, guid: 8bbaf21a584235a49aa78a278023ad9f,
        type: 3}
      propertyPath: m_Mesh
      value: 
      objectReference: {fileID: 0}
    - target: {fileID: 107685317331474243, guid: 8bbaf21a584235a49aa78a278023ad9f,
        type: 3}
      propertyPath: m_Mesh
      value: 
      objectReference: {fileID: 0}
    - target: {fileID: 1242736501120670319, guid: 8bbaf21a584235a49aa78a278023ad9f,
        type: 3}
      propertyPath: m_LocalPosition.z
      value: 0
      objectReference: {fileID: 0}
    - target: {fileID: 1381351712826426301, guid: 8bbaf21a584235a49aa78a278023ad9f,
        type: 3}
      propertyPath: m_RootOrder
      value: 1
      objectReference: {fileID: 0}
    - target: {fileID: 1381351712826426301, guid: 8bbaf21a584235a49aa78a278023ad9f,
        type: 3}
      propertyPath: m_LocalPosition.x
      value: 0
      objectReference: {fileID: 0}
    - target: {fileID: 1381351712826426301, guid: 8bbaf21a584235a49aa78a278023ad9f,
        type: 3}
      propertyPath: m_LocalPosition.y
      value: 0
      objectReference: {fileID: 0}
    - target: {fileID: 1381351712826426301, guid: 8bbaf21a584235a49aa78a278023ad9f,
        type: 3}
      propertyPath: m_LocalPosition.z
      value: -10
      objectReference: {fileID: 0}
    - target: {fileID: 1381351712826426301, guid: 8bbaf21a584235a49aa78a278023ad9f,
        type: 3}
      propertyPath: m_LocalRotation.w
      value: 1
      objectReference: {fileID: 0}
    - target: {fileID: 1381351712826426301, guid: 8bbaf21a584235a49aa78a278023ad9f,
        type: 3}
      propertyPath: m_LocalRotation.x
      value: 0
      objectReference: {fileID: 0}
    - target: {fileID: 1381351712826426301, guid: 8bbaf21a584235a49aa78a278023ad9f,
        type: 3}
      propertyPath: m_LocalRotation.y
      value: 0
      objectReference: {fileID: 0}
    - target: {fileID: 1381351712826426301, guid: 8bbaf21a584235a49aa78a278023ad9f,
        type: 3}
      propertyPath: m_LocalRotation.z
      value: 0
      objectReference: {fileID: 0}
    - target: {fileID: 1381351712826426301, guid: 8bbaf21a584235a49aa78a278023ad9f,
        type: 3}
      propertyPath: m_LocalEulerAnglesHint.x
      value: 0
      objectReference: {fileID: 0}
    - target: {fileID: 1381351712826426301, guid: 8bbaf21a584235a49aa78a278023ad9f,
        type: 3}
      propertyPath: m_LocalEulerAnglesHint.y
      value: 0
      objectReference: {fileID: 0}
    - target: {fileID: 1381351712826426301, guid: 8bbaf21a584235a49aa78a278023ad9f,
        type: 3}
      propertyPath: m_LocalEulerAnglesHint.z
      value: 0
      objectReference: {fileID: 0}
    - target: {fileID: 2508292556302021875, guid: 8bbaf21a584235a49aa78a278023ad9f,
        type: 3}
      propertyPath: m_Name
      value: GugScene Variant
      objectReference: {fileID: 0}
    - target: {fileID: 6550462333056653537, guid: 8bbaf21a584235a49aa78a278023ad9f,
        type: 3}
      propertyPath: _dialogueToLoadOnFinish
      value: JamFinishedScene
      objectReference: {fileID: 0}
    m_RemovedComponents: []
  m_SourcePrefab: {fileID: 100100000, guid: 8bbaf21a584235a49aa78a278023ad9f, type: 3}
--- !u!1001 &380898111
PrefabInstance:
  m_ObjectHideFlags: 0
  serializedVersion: 2
  m_Modification:
    m_TransformParent: {fileID: 1528062965}
    m_Modifications:
    - target: {fileID: 5120687691005443095, guid: 0bc8889edaa4e0e41bd19348e82feb02,
        type: 3}
      propertyPath: m_Name
      value: Covering5
      objectReference: {fileID: 0}
    - target: {fileID: 6502644556125810267, guid: 0bc8889edaa4e0e41bd19348e82feb02,
        type: 3}
      propertyPath: m_RootOrder
      value: 0
      objectReference: {fileID: 0}
    - target: {fileID: 6502644556125810267, guid: 0bc8889edaa4e0e41bd19348e82feb02,
        type: 3}
      propertyPath: m_LocalPosition.x
      value: 11.338399
      objectReference: {fileID: 0}
    - target: {fileID: 6502644556125810267, guid: 0bc8889edaa4e0e41bd19348e82feb02,
        type: 3}
      propertyPath: m_LocalPosition.y
      value: -1.565508
      objectReference: {fileID: 0}
    - target: {fileID: 6502644556125810267, guid: 0bc8889edaa4e0e41bd19348e82feb02,
        type: 3}
      propertyPath: m_LocalPosition.z
      value: 0
      objectReference: {fileID: 0}
    - target: {fileID: 6502644556125810267, guid: 0bc8889edaa4e0e41bd19348e82feb02,
        type: 3}
      propertyPath: m_LocalRotation.w
      value: 1
      objectReference: {fileID: 0}
    - target: {fileID: 6502644556125810267, guid: 0bc8889edaa4e0e41bd19348e82feb02,
        type: 3}
      propertyPath: m_LocalRotation.x
      value: -0
      objectReference: {fileID: 0}
    - target: {fileID: 6502644556125810267, guid: 0bc8889edaa4e0e41bd19348e82feb02,
        type: 3}
      propertyPath: m_LocalRotation.y
      value: -0
      objectReference: {fileID: 0}
    - target: {fileID: 6502644556125810267, guid: 0bc8889edaa4e0e41bd19348e82feb02,
        type: 3}
      propertyPath: m_LocalRotation.z
      value: -0
      objectReference: {fileID: 0}
    - target: {fileID: 6502644556125810267, guid: 0bc8889edaa4e0e41bd19348e82feb02,
        type: 3}
      propertyPath: m_LocalEulerAnglesHint.x
      value: 0
      objectReference: {fileID: 0}
    - target: {fileID: 6502644556125810267, guid: 0bc8889edaa4e0e41bd19348e82feb02,
        type: 3}
      propertyPath: m_LocalEulerAnglesHint.y
      value: 0
      objectReference: {fileID: 0}
    - target: {fileID: 6502644556125810267, guid: 0bc8889edaa4e0e41bd19348e82feb02,
        type: 3}
      propertyPath: m_LocalEulerAnglesHint.z
      value: 0
      objectReference: {fileID: 0}
    m_RemovedComponents: []
  m_SourcePrefab: {fileID: 100100000, guid: 0bc8889edaa4e0e41bd19348e82feb02, type: 3}
--- !u!1001 &554667523
PrefabInstance:
  m_ObjectHideFlags: 0
  serializedVersion: 2
  m_Modification:
    m_TransformParent: {fileID: 1823963131}
    m_Modifications:
    - target: {fileID: 5120687691005443095, guid: 0bc8889edaa4e0e41bd19348e82feb02,
        type: 3}
      propertyPath: m_Name
      value: Covering5
      objectReference: {fileID: 0}
    - target: {fileID: 6502644556125810267, guid: 0bc8889edaa4e0e41bd19348e82feb02,
        type: 3}
      propertyPath: m_RootOrder
      value: 2
      objectReference: {fileID: 0}
    - target: {fileID: 6502644556125810267, guid: 0bc8889edaa4e0e41bd19348e82feb02,
        type: 3}
      propertyPath: m_LocalPosition.x
      value: 11.43
      objectReference: {fileID: 0}
    - target: {fileID: 6502644556125810267, guid: 0bc8889edaa4e0e41bd19348e82feb02,
        type: 3}
      propertyPath: m_LocalPosition.y
      value: -1.7126336
      objectReference: {fileID: 0}
    - target: {fileID: 6502644556125810267, guid: 0bc8889edaa4e0e41bd19348e82feb02,
        type: 3}
      propertyPath: m_LocalPosition.z
      value: 0
      objectReference: {fileID: 0}
    - target: {fileID: 6502644556125810267, guid: 0bc8889edaa4e0e41bd19348e82feb02,
        type: 3}
      propertyPath: m_LocalRotation.w
      value: 1
      objectReference: {fileID: 0}
    - target: {fileID: 6502644556125810267, guid: 0bc8889edaa4e0e41bd19348e82feb02,
        type: 3}
      propertyPath: m_LocalRotation.x
      value: -0
      objectReference: {fileID: 0}
    - target: {fileID: 6502644556125810267, guid: 0bc8889edaa4e0e41bd19348e82feb02,
        type: 3}
      propertyPath: m_LocalRotation.y
      value: -0
      objectReference: {fileID: 0}
    - target: {fileID: 6502644556125810267, guid: 0bc8889edaa4e0e41bd19348e82feb02,
        type: 3}
      propertyPath: m_LocalRotation.z
      value: -0
      objectReference: {fileID: 0}
    - target: {fileID: 6502644556125810267, guid: 0bc8889edaa4e0e41bd19348e82feb02,
        type: 3}
      propertyPath: m_LocalEulerAnglesHint.x
      value: 0
      objectReference: {fileID: 0}
    - target: {fileID: 6502644556125810267, guid: 0bc8889edaa4e0e41bd19348e82feb02,
        type: 3}
      propertyPath: m_LocalEulerAnglesHint.y
      value: 0
      objectReference: {fileID: 0}
    - target: {fileID: 6502644556125810267, guid: 0bc8889edaa4e0e41bd19348e82feb02,
        type: 3}
      propertyPath: m_LocalEulerAnglesHint.z
      value: 0
      objectReference: {fileID: 0}
    m_RemovedComponents: []
  m_SourcePrefab: {fileID: 100100000, guid: 0bc8889edaa4e0e41bd19348e82feb02, type: 3}
--- !u!1001 &574663293
PrefabInstance:
  m_ObjectHideFlags: 0
  serializedVersion: 2
  m_Modification:
    m_TransformParent: {fileID: 1528062965}
    m_Modifications:
    - target: {fileID: 3035971654861099221, guid: 0b69e663c257d1542b5d3f70031a56db,
        type: 3}
      propertyPath: m_RootOrder
      value: 1
      objectReference: {fileID: 0}
    - target: {fileID: 3035971654861099221, guid: 0b69e663c257d1542b5d3f70031a56db,
        type: 3}
      propertyPath: m_LocalPosition.x
      value: 49.802452
      objectReference: {fileID: 0}
    - target: {fileID: 3035971654861099221, guid: 0b69e663c257d1542b5d3f70031a56db,
        type: 3}
      propertyPath: m_LocalPosition.y
      value: -1.565508
      objectReference: {fileID: 0}
    - target: {fileID: 3035971654861099221, guid: 0b69e663c257d1542b5d3f70031a56db,
        type: 3}
      propertyPath: m_LocalPosition.z
      value: 0
      objectReference: {fileID: 0}
    - target: {fileID: 3035971654861099221, guid: 0b69e663c257d1542b5d3f70031a56db,
        type: 3}
      propertyPath: m_LocalRotation.w
      value: 1
      objectReference: {fileID: 0}
    - target: {fileID: 3035971654861099221, guid: 0b69e663c257d1542b5d3f70031a56db,
        type: 3}
      propertyPath: m_LocalRotation.x
      value: -0
      objectReference: {fileID: 0}
    - target: {fileID: 3035971654861099221, guid: 0b69e663c257d1542b5d3f70031a56db,
        type: 3}
      propertyPath: m_LocalRotation.y
      value: -0
      objectReference: {fileID: 0}
    - target: {fileID: 3035971654861099221, guid: 0b69e663c257d1542b5d3f70031a56db,
        type: 3}
      propertyPath: m_LocalRotation.z
      value: -0
      objectReference: {fileID: 0}
    - target: {fileID: 3035971654861099221, guid: 0b69e663c257d1542b5d3f70031a56db,
        type: 3}
      propertyPath: m_LocalEulerAnglesHint.x
      value: 0
      objectReference: {fileID: 0}
    - target: {fileID: 3035971654861099221, guid: 0b69e663c257d1542b5d3f70031a56db,
        type: 3}
      propertyPath: m_LocalEulerAnglesHint.y
      value: 0
      objectReference: {fileID: 0}
    - target: {fileID: 3035971654861099221, guid: 0b69e663c257d1542b5d3f70031a56db,
        type: 3}
      propertyPath: m_LocalEulerAnglesHint.z
      value: 0
      objectReference: {fileID: 0}
    - target: {fileID: 4046524071250260435, guid: 0b69e663c257d1542b5d3f70031a56db,
        type: 3}
      propertyPath: m_Name
      value: Covering3 (1)
      objectReference: {fileID: 0}
    m_RemovedComponents: []
  m_SourcePrefab: {fileID: 100100000, guid: 0b69e663c257d1542b5d3f70031a56db, type: 3}
--- !u!1001 &622045698
PrefabInstance:
  m_ObjectHideFlags: 0
  serializedVersion: 2
  m_Modification:
    m_TransformParent: {fileID: 1725478484}
    m_Modifications:
    - target: {fileID: 5165587893475137025, guid: e25f2517ce061dd4899303caa4828809,
        type: 3}
      propertyPath: m_RootOrder
      value: 3
      objectReference: {fileID: 0}
    - target: {fileID: 5165587893475137025, guid: e25f2517ce061dd4899303caa4828809,
        type: 3}
      propertyPath: m_LocalPosition.x
      value: 45.97404
      objectReference: {fileID: 0}
    - target: {fileID: 5165587893475137025, guid: e25f2517ce061dd4899303caa4828809,
        type: 3}
      propertyPath: m_LocalPosition.y
      value: -1.8765051
      objectReference: {fileID: 0}
    - target: {fileID: 5165587893475137025, guid: e25f2517ce061dd4899303caa4828809,
        type: 3}
      propertyPath: m_LocalPosition.z
      value: 90.19915
      objectReference: {fileID: 0}
    - target: {fileID: 5165587893475137025, guid: e25f2517ce061dd4899303caa4828809,
        type: 3}
      propertyPath: m_LocalRotation.w
      value: 1
      objectReference: {fileID: 0}
    - target: {fileID: 5165587893475137025, guid: e25f2517ce061dd4899303caa4828809,
        type: 3}
      propertyPath: m_LocalRotation.x
      value: -0
      objectReference: {fileID: 0}
    - target: {fileID: 5165587893475137025, guid: e25f2517ce061dd4899303caa4828809,
        type: 3}
      propertyPath: m_LocalRotation.y
      value: -0
      objectReference: {fileID: 0}
    - target: {fileID: 5165587893475137025, guid: e25f2517ce061dd4899303caa4828809,
        type: 3}
      propertyPath: m_LocalRotation.z
      value: -0
      objectReference: {fileID: 0}
    - target: {fileID: 5165587893475137025, guid: e25f2517ce061dd4899303caa4828809,
        type: 3}
      propertyPath: m_LocalEulerAnglesHint.x
      value: 0
      objectReference: {fileID: 0}
    - target: {fileID: 5165587893475137025, guid: e25f2517ce061dd4899303caa4828809,
        type: 3}
      propertyPath: m_LocalEulerAnglesHint.y
      value: 0
      objectReference: {fileID: 0}
    - target: {fileID: 5165587893475137025, guid: e25f2517ce061dd4899303caa4828809,
        type: 3}
      propertyPath: m_LocalEulerAnglesHint.z
      value: 0
      objectReference: {fileID: 0}
    - target: {fileID: 5165587893475137053, guid: e25f2517ce061dd4899303caa4828809,
        type: 3}
      propertyPath: m_Name
      value: SlippyZone
      objectReference: {fileID: 0}
    m_RemovedComponents: []
  m_SourcePrefab: {fileID: 100100000, guid: e25f2517ce061dd4899303caa4828809, type: 3}
--- !u!4 &622045699 stripped
Transform:
  m_CorrespondingSourceObject: {fileID: 5165587893475137025, guid: e25f2517ce061dd4899303caa4828809,
    type: 3}
  m_PrefabInstance: {fileID: 622045698}
  m_PrefabAsset: {fileID: 0}
--- !u!1001 &802689885
PrefabInstance:
  m_ObjectHideFlags: 0
  serializedVersion: 2
  m_Modification:
    m_TransformParent: {fileID: 1823963131}
    m_Modifications:
    - target: {fileID: 3035971654861099221, guid: 0b69e663c257d1542b5d3f70031a56db,
        type: 3}
      propertyPath: m_RootOrder
      value: 1
      objectReference: {fileID: 0}
    - target: {fileID: 3035971654861099221, guid: 0b69e663c257d1542b5d3f70031a56db,
        type: 3}
      propertyPath: m_LocalPosition.x
      value: 49.802452
      objectReference: {fileID: 0}
    - target: {fileID: 3035971654861099221, guid: 0b69e663c257d1542b5d3f70031a56db,
        type: 3}
      propertyPath: m_LocalPosition.y
      value: -0.98
      objectReference: {fileID: 0}
    - target: {fileID: 3035971654861099221, guid: 0b69e663c257d1542b5d3f70031a56db,
        type: 3}
      propertyPath: m_LocalPosition.z
      value: 0
      objectReference: {fileID: 0}
    - target: {fileID: 3035971654861099221, guid: 0b69e663c257d1542b5d3f70031a56db,
        type: 3}
      propertyPath: m_LocalRotation.w
      value: 1
      objectReference: {fileID: 0}
    - target: {fileID: 3035971654861099221, guid: 0b69e663c257d1542b5d3f70031a56db,
        type: 3}
      propertyPath: m_LocalRotation.x
      value: -0
      objectReference: {fileID: 0}
    - target: {fileID: 3035971654861099221, guid: 0b69e663c257d1542b5d3f70031a56db,
        type: 3}
      propertyPath: m_LocalRotation.y
      value: -0
      objectReference: {fileID: 0}
    - target: {fileID: 3035971654861099221, guid: 0b69e663c257d1542b5d3f70031a56db,
        type: 3}
      propertyPath: m_LocalRotation.z
      value: -0
      objectReference: {fileID: 0}
    - target: {fileID: 3035971654861099221, guid: 0b69e663c257d1542b5d3f70031a56db,
        type: 3}
      propertyPath: m_LocalEulerAnglesHint.x
      value: 0
      objectReference: {fileID: 0}
    - target: {fileID: 3035971654861099221, guid: 0b69e663c257d1542b5d3f70031a56db,
        type: 3}
      propertyPath: m_LocalEulerAnglesHint.y
      value: 0
      objectReference: {fileID: 0}
    - target: {fileID: 3035971654861099221, guid: 0b69e663c257d1542b5d3f70031a56db,
        type: 3}
      propertyPath: m_LocalEulerAnglesHint.z
      value: 0
      objectReference: {fileID: 0}
    - target: {fileID: 4046524071250260435, guid: 0b69e663c257d1542b5d3f70031a56db,
        type: 3}
      propertyPath: m_Name
      value: Covering3 (1)
      objectReference: {fileID: 0}
    m_RemovedComponents: []
  m_SourcePrefab: {fileID: 100100000, guid: 0b69e663c257d1542b5d3f70031a56db, type: 3}
--- !u!1001 &1102006091
PrefabInstance:
  m_ObjectHideFlags: 0
  serializedVersion: 2
  m_Modification:
    m_TransformParent: {fileID: 1528062964}
    m_Modifications:
    - target: {fileID: 8369092987232642426, guid: 1c1467b71d8d982468977b946158a2a3,
        type: 3}
      propertyPath: m_RootOrder
      value: 0
      objectReference: {fileID: 0}
    - target: {fileID: 8369092987232642426, guid: 1c1467b71d8d982468977b946158a2a3,
        type: 3}
      propertyPath: m_LocalPosition.x
      value: 4.2796707
      objectReference: {fileID: 0}
    - target: {fileID: 8369092987232642426, guid: 1c1467b71d8d982468977b946158a2a3,
        type: 3}
      propertyPath: m_LocalPosition.y
      value: -1.754908
      objectReference: {fileID: 0}
    - target: {fileID: 8369092987232642426, guid: 1c1467b71d8d982468977b946158a2a3,
        type: 3}
      propertyPath: m_LocalPosition.z
      value: 0
      objectReference: {fileID: 0}
    - target: {fileID: 8369092987232642426, guid: 1c1467b71d8d982468977b946158a2a3,
        type: 3}
      propertyPath: m_LocalRotation.w
      value: 1
      objectReference: {fileID: 0}
    - target: {fileID: 8369092987232642426, guid: 1c1467b71d8d982468977b946158a2a3,
        type: 3}
      propertyPath: m_LocalRotation.x
      value: -0
      objectReference: {fileID: 0}
    - target: {fileID: 8369092987232642426, guid: 1c1467b71d8d982468977b946158a2a3,
        type: 3}
      propertyPath: m_LocalRotation.y
      value: -0
      objectReference: {fileID: 0}
    - target: {fileID: 8369092987232642426, guid: 1c1467b71d8d982468977b946158a2a3,
        type: 3}
      propertyPath: m_LocalRotation.z
      value: -0
      objectReference: {fileID: 0}
    - target: {fileID: 8369092987232642426, guid: 1c1467b71d8d982468977b946158a2a3,
        type: 3}
      propertyPath: m_LocalEulerAnglesHint.x
      value: 0
      objectReference: {fileID: 0}
    - target: {fileID: 8369092987232642426, guid: 1c1467b71d8d982468977b946158a2a3,
        type: 3}
      propertyPath: m_LocalEulerAnglesHint.y
      value: 0
      objectReference: {fileID: 0}
    - target: {fileID: 8369092987232642426, guid: 1c1467b71d8d982468977b946158a2a3,
        type: 3}
      propertyPath: m_LocalEulerAnglesHint.z
      value: 0
      objectReference: {fileID: 0}
    - target: {fileID: 8369092987232642429, guid: 1c1467b71d8d982468977b946158a2a3,
        type: 3}
      propertyPath: _fovAngle
      value: 20
      objectReference: {fileID: 0}
    - target: {fileID: 8369092987232642429, guid: 1c1467b71d8d982468977b946158a2a3,
        type: 3}
      propertyPath: AnimateEyes
      value: 1
      objectReference: {fileID: 0}
    - target: {fileID: 8369092987232642429, guid: 1c1467b71d8d982468977b946158a2a3,
        type: 3}
      propertyPath: _enemyRaiseTime
      value: 1
      objectReference: {fileID: 0}
    - target: {fileID: 8369092987232642429, guid: 1c1467b71d8d982468977b946158a2a3,
        type: 3}
      propertyPath: _fovInclination
      value: -80
      objectReference: {fileID: 0}
    - target: {fileID: 8369092987232642429, guid: 1c1467b71d8d982468977b946158a2a3,
        type: 3}
      propertyPath: _raycastDownTime
      value: 1
      objectReference: {fileID: 0}
    - target: {fileID: 8369092987232642429, guid: 1c1467b71d8d982468977b946158a2a3,
        type: 3}
      propertyPath: _raycastDownDelay
      value: 10
      objectReference: {fileID: 0}
    - target: {fileID: 8369092987232642429, guid: 1c1467b71d8d982468977b946158a2a3,
        type: 3}
      propertyPath: _raycastStartDelay
      value: 0.5
      objectReference: {fileID: 0}
    - target: {fileID: 8369092987232642429, guid: 1c1467b71d8d982468977b946158a2a3,
        type: 3}
      propertyPath: AnimatingAngles.Array.size
      value: 10
      objectReference: {fileID: 0}
    - target: {fileID: 8369092987232642429, guid: 1c1467b71d8d982468977b946158a2a3,
        type: 3}
      propertyPath: AnimatingAngles.Array.data[0]
      value: 10
      objectReference: {fileID: 0}
    - target: {fileID: 8369092987232642429, guid: 1c1467b71d8d982468977b946158a2a3,
        type: 3}
      propertyPath: AnimatingAngles.Array.data[1]
      value: 20
      objectReference: {fileID: 0}
    - target: {fileID: 8369092987232642429, guid: 1c1467b71d8d982468977b946158a2a3,
        type: 3}
      propertyPath: AnimatingAngles.Array.data[2]
      value: 30
      objectReference: {fileID: 0}
    - target: {fileID: 8369092987232642429, guid: 1c1467b71d8d982468977b946158a2a3,
        type: 3}
      propertyPath: AnimatingAngles.Array.data[3]
      value: 40
      objectReference: {fileID: 0}
    - target: {fileID: 8369092987232642429, guid: 1c1467b71d8d982468977b946158a2a3,
        type: 3}
      propertyPath: AnimatingAngles.Array.data[4]
      value: 50
      objectReference: {fileID: 0}
    - target: {fileID: 8369092987232642429, guid: 1c1467b71d8d982468977b946158a2a3,
        type: 3}
      propertyPath: AnimatingAngles.Array.data[5]
      value: 60
      objectReference: {fileID: 0}
    - target: {fileID: 8369092987232642429, guid: 1c1467b71d8d982468977b946158a2a3,
        type: 3}
      propertyPath: AnimatingAngles.Array.data[6]
      value: 70
      objectReference: {fileID: 0}
    - target: {fileID: 8369092987232642429, guid: 1c1467b71d8d982468977b946158a2a3,
        type: 3}
      propertyPath: AnimatingAngles.Array.data[7]
      value: 80
      objectReference: {fileID: 0}
    - target: {fileID: 8369092987232642429, guid: 1c1467b71d8d982468977b946158a2a3,
        type: 3}
      propertyPath: AnimatingAngles.Array.data[8]
      value: 90
      objectReference: {fileID: 0}
    - target: {fileID: 8369092987232642429, guid: 1c1467b71d8d982468977b946158a2a3,
        type: 3}
      propertyPath: AnimatingAngles.Array.data[9]
      value: 100
      objectReference: {fileID: 0}
    - target: {fileID: 8369092987232642430, guid: 1c1467b71d8d982468977b946158a2a3,
        type: 3}
      propertyPath: m_Name
      value: EnemyTrigger
      objectReference: {fileID: 0}
    m_RemovedComponents: []
  m_SourcePrefab: {fileID: 100100000, guid: 1c1467b71d8d982468977b946158a2a3, type: 3}
--- !u!1001 &1366470669
PrefabInstance:
  m_ObjectHideFlags: 0
  serializedVersion: 2
  m_Modification:
    m_TransformParent: {fileID: 1823963131}
    m_Modifications:
    - target: {fileID: 5527342228665820993, guid: 40fe050dd59326a4abf6f3c076f08670,
        type: 3}
      propertyPath: m_RootOrder
      value: 0
      objectReference: {fileID: 0}
    - target: {fileID: 5527342228665820993, guid: 40fe050dd59326a4abf6f3c076f08670,
        type: 3}
      propertyPath: m_LocalPosition.x
      value: 0
      objectReference: {fileID: 0}
    - target: {fileID: 5527342228665820993, guid: 40fe050dd59326a4abf6f3c076f08670,
        type: 3}
      propertyPath: m_LocalPosition.y
      value: -1.15
      objectReference: {fileID: 0}
    - target: {fileID: 5527342228665820993, guid: 40fe050dd59326a4abf6f3c076f08670,
        type: 3}
      propertyPath: m_LocalPosition.z
      value: 0
      objectReference: {fileID: 0}
    - target: {fileID: 5527342228665820993, guid: 40fe050dd59326a4abf6f3c076f08670,
        type: 3}
      propertyPath: m_LocalRotation.w
      value: 1
      objectReference: {fileID: 0}
    - target: {fileID: 5527342228665820993, guid: 40fe050dd59326a4abf6f3c076f08670,
        type: 3}
      propertyPath: m_LocalRotation.x
      value: -0
      objectReference: {fileID: 0}
    - target: {fileID: 5527342228665820993, guid: 40fe050dd59326a4abf6f3c076f08670,
        type: 3}
      propertyPath: m_LocalRotation.y
      value: -0
      objectReference: {fileID: 0}
    - target: {fileID: 5527342228665820993, guid: 40fe050dd59326a4abf6f3c076f08670,
        type: 3}
      propertyPath: m_LocalRotation.z
      value: -0
      objectReference: {fileID: 0}
    - target: {fileID: 5527342228665820993, guid: 40fe050dd59326a4abf6f3c076f08670,
        type: 3}
      propertyPath: m_LocalEulerAnglesHint.x
      value: 0
      objectReference: {fileID: 0}
    - target: {fileID: 5527342228665820993, guid: 40fe050dd59326a4abf6f3c076f08670,
        type: 3}
      propertyPath: m_LocalEulerAnglesHint.y
      value: 0
      objectReference: {fileID: 0}
    - target: {fileID: 5527342228665820993, guid: 40fe050dd59326a4abf6f3c076f08670,
        type: 3}
      propertyPath: m_LocalEulerAnglesHint.z
      value: 0
      objectReference: {fileID: 0}
    - target: {fileID: 7442893935984207594, guid: 40fe050dd59326a4abf6f3c076f08670,
        type: 3}
      propertyPath: m_Name
      value: Covering (1)
      objectReference: {fileID: 0}
    - target: {fileID: 9159829184463135011, guid: 40fe050dd59326a4abf6f3c076f08670,
        type: 3}
      propertyPath: m_Materials.Array.data[0]
      value: 
      objectReference: {fileID: 2100000, guid: b21bd1b89c0b9354983fbb0a632455cd, type: 2}
    m_RemovedComponents: []
  m_SourcePrefab: {fileID: 100100000, guid: 40fe050dd59326a4abf6f3c076f08670, type: 3}
--- !u!1001 &1528062963
PrefabInstance:
  m_ObjectHideFlags: 0
  serializedVersion: 2
  m_Modification:
    m_TransformParent: {fileID: 0}
    m_Modifications:
    - target: {fileID: 1759760941342865552, guid: f4b9f77a41414714f806233a197c8a29,
        type: 3}
      propertyPath: m_LocalPosition.x
      value: 64.98386
      objectReference: {fileID: 0}
    - target: {fileID: 1759760941342865552, guid: f4b9f77a41414714f806233a197c8a29,
        type: 3}
      propertyPath: m_LocalPosition.y
      value: -1.317526
      objectReference: {fileID: 0}
    - target: {fileID: 8005539219867836046, guid: f4b9f77a41414714f806233a197c8a29,
        type: 3}
      propertyPath: m_RootOrder
      value: 2
      objectReference: {fileID: 0}
    - target: {fileID: 8005539219867836046, guid: f4b9f77a41414714f806233a197c8a29,
        type: 3}
      propertyPath: m_LocalPosition.x
      value: 0
      objectReference: {fileID: 0}
    - target: {fileID: 8005539219867836046, guid: f4b9f77a41414714f806233a197c8a29,
        type: 3}
      propertyPath: m_LocalPosition.y
      value: 0
      objectReference: {fileID: 0}
    - target: {fileID: 8005539219867836046, guid: f4b9f77a41414714f806233a197c8a29,
        type: 3}
      propertyPath: m_LocalPosition.z
      value: 0
      objectReference: {fileID: 0}
    - target: {fileID: 8005539219867836046, guid: f4b9f77a41414714f806233a197c8a29,
        type: 3}
      propertyPath: m_LocalRotation.w
      value: 1
      objectReference: {fileID: 0}
    - target: {fileID: 8005539219867836046, guid: f4b9f77a41414714f806233a197c8a29,
        type: 3}
      propertyPath: m_LocalRotation.x
      value: 0
      objectReference: {fileID: 0}
    - target: {fileID: 8005539219867836046, guid: f4b9f77a41414714f806233a197c8a29,
        type: 3}
      propertyPath: m_LocalRotation.y
      value: 0
      objectReference: {fileID: 0}
    - target: {fileID: 8005539219867836046, guid: f4b9f77a41414714f806233a197c8a29,
        type: 3}
      propertyPath: m_LocalRotation.z
      value: 0
      objectReference: {fileID: 0}
    - target: {fileID: 8005539219867836046, guid: f4b9f77a41414714f806233a197c8a29,
        type: 3}
      propertyPath: m_LocalEulerAnglesHint.x
      value: 0
      objectReference: {fileID: 0}
    - target: {fileID: 8005539219867836046, guid: f4b9f77a41414714f806233a197c8a29,
        type: 3}
      propertyPath: m_LocalEulerAnglesHint.y
      value: 0
      objectReference: {fileID: 0}
    - target: {fileID: 8005539219867836046, guid: f4b9f77a41414714f806233a197c8a29,
        type: 3}
      propertyPath: m_LocalEulerAnglesHint.z
      value: 0
      objectReference: {fileID: 0}
    - target: {fileID: 8005539219867836047, guid: f4b9f77a41414714f806233a197c8a29,
        type: 3}
      propertyPath: m_Name
      value: LevelCave
      objectReference: {fileID: 0}
    m_RemovedComponents: []
  m_SourcePrefab: {fileID: 100100000, guid: f4b9f77a41414714f806233a197c8a29, type: 3}
--- !u!4 &1528062964 stripped
Transform:
  m_CorrespondingSourceObject: {fileID: 773555877947587903, guid: f4b9f77a41414714f806233a197c8a29,
    type: 3}
  m_PrefabInstance: {fileID: 1528062963}
  m_PrefabAsset: {fileID: 0}
--- !u!4 &1528062965 stripped
Transform:
  m_CorrespondingSourceObject: {fileID: 8227900794004835960, guid: f4b9f77a41414714f806233a197c8a29,
    type: 3}
  m_PrefabInstance: {fileID: 1528062963}
  m_PrefabAsset: {fileID: 0}
--- !u!1 &1725478483
GameObject:
  m_ObjectHideFlags: 0
  m_CorrespondingSourceObject: {fileID: 0}
  m_PrefabInstance: {fileID: 0}
  m_PrefabAsset: {fileID: 0}
  serializedVersion: 6
  m_Component:
  - component: {fileID: 1725478484}
  m_Layer: 0
  m_Name: zones
  m_TagString: Untagged
  m_Icon: {fileID: 0}
  m_NavMeshLayer: 0
  m_StaticEditorFlags: 0
  m_IsActive: 1
--- !u!4 &1725478484
Transform:
  m_ObjectHideFlags: 0
  m_CorrespondingSourceObject: {fileID: 0}
  m_PrefabInstance: {fileID: 0}
  m_PrefabAsset: {fileID: 0}
  m_GameObject: {fileID: 1725478483}
  m_LocalRotation: {x: 0, y: 0, z: 0, w: 1}
  m_LocalPosition: {x: 3.0351226, y: 0.31099713, z: -90.015625}
  m_LocalScale: {x: 1, y: 1, z: 1}
  m_Children:
  - {fileID: 23013678}
  - {fileID: 1856887356}
  - {fileID: 1903504504}
  - {fileID: 622045699}
  - {fileID: 114564450}
  m_Father: {fileID: 0}
  m_RootOrder: 3
  m_LocalEulerAnglesHint: {x: 0, y: 0, z: 0}
--- !u!1001 &1823963129
PrefabInstance:
  m_ObjectHideFlags: 0
  serializedVersion: 2
  m_Modification:
    m_TransformParent: {fileID: 0}
    m_Modifications:
    - target: {fileID: 313717137870215674, guid: 2a8b372dfd8221d4bb8b7fbb8c50c2ce,
        type: 3}
      propertyPath: m_LocalPosition.x
      value: 64.98386
      objectReference: {fileID: 0}
    - target: {fileID: 1502366203283406258, guid: 2a8b372dfd8221d4bb8b7fbb8c50c2ce,
        type: 3}
      propertyPath: m_LocalPosition.z
      value: 0
      objectReference: {fileID: 0}
    - target: {fileID: 2175710233271620722, guid: 2a8b372dfd8221d4bb8b7fbb8c50c2ce,
        type: 3}
      propertyPath: m_Name
      value: ScenePrefab
      objectReference: {fileID: 0}
    - target: {fileID: 2175710233271620722, guid: 2a8b372dfd8221d4bb8b7fbb8c50c2ce,
        type: 3}
      propertyPath: m_IsActive
      value: 0
      objectReference: {fileID: 0}
    - target: {fileID: 2729037028314151804, guid: 2a8b372dfd8221d4bb8b7fbb8c50c2ce,
        type: 3}
      propertyPath: m_Mesh
      value: 
      objectReference: {fileID: 0}
    - target: {fileID: 3297061980896017134, guid: 2a8b372dfd8221d4bb8b7fbb8c50c2ce,
        type: 3}
      propertyPath: m_LocalPosition.z
      value: 0
      objectReference: {fileID: 0}
    - target: {fileID: 3446694299441341244, guid: 2a8b372dfd8221d4bb8b7fbb8c50c2ce,
        type: 3}
      propertyPath: m_RootOrder
      value: 0
      objectReference: {fileID: 0}
    - target: {fileID: 3446694299441341244, guid: 2a8b372dfd8221d4bb8b7fbb8c50c2ce,
        type: 3}
      propertyPath: m_LocalPosition.x
      value: 0
      objectReference: {fileID: 0}
    - target: {fileID: 3446694299441341244, guid: 2a8b372dfd8221d4bb8b7fbb8c50c2ce,
        type: 3}
      propertyPath: m_LocalPosition.y
      value: 0
      objectReference: {fileID: 0}
    - target: {fileID: 3446694299441341244, guid: 2a8b372dfd8221d4bb8b7fbb8c50c2ce,
        type: 3}
      propertyPath: m_LocalPosition.z
      value: -10
      objectReference: {fileID: 0}
    - target: {fileID: 3446694299441341244, guid: 2a8b372dfd8221d4bb8b7fbb8c50c2ce,
        type: 3}
      propertyPath: m_LocalRotation.w
      value: 1
      objectReference: {fileID: 0}
    - target: {fileID: 3446694299441341244, guid: 2a8b372dfd8221d4bb8b7fbb8c50c2ce,
        type: 3}
      propertyPath: m_LocalRotation.x
      value: 0
      objectReference: {fileID: 0}
    - target: {fileID: 3446694299441341244, guid: 2a8b372dfd8221d4bb8b7fbb8c50c2ce,
        type: 3}
      propertyPath: m_LocalRotation.y
      value: 0
      objectReference: {fileID: 0}
    - target: {fileID: 3446694299441341244, guid: 2a8b372dfd8221d4bb8b7fbb8c50c2ce,
        type: 3}
      propertyPath: m_LocalRotation.z
      value: 0
      objectReference: {fileID: 0}
    - target: {fileID: 3446694299441341244, guid: 2a8b372dfd8221d4bb8b7fbb8c50c2ce,
        type: 3}
      propertyPath: m_LocalEulerAnglesHint.x
      value: 0
      objectReference: {fileID: 0}
    - target: {fileID: 3446694299441341244, guid: 2a8b372dfd8221d4bb8b7fbb8c50c2ce,
        type: 3}
      propertyPath: m_LocalEulerAnglesHint.y
      value: 0
      objectReference: {fileID: 0}
    - target: {fileID: 3446694299441341244, guid: 2a8b372dfd8221d4bb8b7fbb8c50c2ce,
        type: 3}
      propertyPath: m_LocalEulerAnglesHint.z
      value: 0
      objectReference: {fileID: 0}
    - target: {fileID: 7357044427251923040, guid: 2a8b372dfd8221d4bb8b7fbb8c50c2ce,
        type: 3}
      propertyPath: _dialogueToLoadOnFinish
      value: D1_Gug8
      objectReference: {fileID: 0}
    m_RemovedComponents: []
  m_SourcePrefab: {fileID: 100100000, guid: 2a8b372dfd8221d4bb8b7fbb8c50c2ce, type: 3}
--- !u!4 &1823963130 stripped
Transform:
  m_CorrespondingSourceObject: {fileID: 1625053633438997589, guid: 2a8b372dfd8221d4bb8b7fbb8c50c2ce,
    type: 3}
  m_PrefabInstance: {fileID: 1823963129}
  m_PrefabAsset: {fileID: 0}
--- !u!4 &1823963131 stripped
Transform:
  m_CorrespondingSourceObject: {fileID: 7934781235446804242, guid: 2a8b372dfd8221d4bb8b7fbb8c50c2ce,
    type: 3}
  m_PrefabInstance: {fileID: 1823963129}
  m_PrefabAsset: {fileID: 0}
--- !u!1001 &1856887355
PrefabInstance:
  m_ObjectHideFlags: 0
  serializedVersion: 2
  m_Modification:
    m_TransformParent: {fileID: 1725478484}
    m_Modifications:
    - target: {fileID: 7209048194190318533, guid: f040426e15ef2284898620d7c74467f2,
        type: 3}
      propertyPath: m_RootOrder
      value: 1
      objectReference: {fileID: 0}
    - target: {fileID: 7209048194190318533, guid: f040426e15ef2284898620d7c74467f2,
        type: 3}
      propertyPath: m_LocalPosition.x
      value: 33.956203
      objectReference: {fileID: 0}
    - target: {fileID: 7209048194190318533, guid: f040426e15ef2284898620d7c74467f2,
        type: 3}
      propertyPath: m_LocalPosition.y
      value: -1.8765051
      objectReference: {fileID: 0}
    - target: {fileID: 7209048194190318533, guid: f040426e15ef2284898620d7c74467f2,
        type: 3}
      propertyPath: m_LocalPosition.z
      value: 90.19915
      objectReference: {fileID: 0}
    - target: {fileID: 7209048194190318533, guid: f040426e15ef2284898620d7c74467f2,
        type: 3}
      propertyPath: m_LocalRotation.w
      value: 1
      objectReference: {fileID: 0}
    - target: {fileID: 7209048194190318533, guid: f040426e15ef2284898620d7c74467f2,
        type: 3}
      propertyPath: m_LocalRotation.x
      value: -0
      objectReference: {fileID: 0}
    - target: {fileID: 7209048194190318533, guid: f040426e15ef2284898620d7c74467f2,
        type: 3}
      propertyPath: m_LocalRotation.y
      value: -0
      objectReference: {fileID: 0}
    - target: {fileID: 7209048194190318533, guid: f040426e15ef2284898620d7c74467f2,
        type: 3}
      propertyPath: m_LocalRotation.z
      value: -0
      objectReference: {fileID: 0}
    - target: {fileID: 7209048194190318533, guid: f040426e15ef2284898620d7c74467f2,
        type: 3}
      propertyPath: m_LocalEulerAnglesHint.x
      value: 0
      objectReference: {fileID: 0}
    - target: {fileID: 7209048194190318533, guid: f040426e15ef2284898620d7c74467f2,
        type: 3}
      propertyPath: m_LocalEulerAnglesHint.y
      value: 0
      objectReference: {fileID: 0}
    - target: {fileID: 7209048194190318533, guid: f040426e15ef2284898620d7c74467f2,
        type: 3}
      propertyPath: m_LocalEulerAnglesHint.z
      value: 0
      objectReference: {fileID: 0}
    - target: {fileID: 7209048194190318553, guid: f040426e15ef2284898620d7c74467f2,
        type: 3}
      propertyPath: m_Name
      value: QuickZone (2)
      objectReference: {fileID: 0}
    m_RemovedComponents: []
  m_SourcePrefab: {fileID: 100100000, guid: f040426e15ef2284898620d7c74467f2, type: 3}
--- !u!4 &1856887356 stripped
Transform:
  m_CorrespondingSourceObject: {fileID: 7209048194190318533, guid: f040426e15ef2284898620d7c74467f2,
    type: 3}
  m_PrefabInstance: {fileID: 1856887355}
  m_PrefabAsset: {fileID: 0}
--- !u!1001 &1903504503
PrefabInstance:
  m_ObjectHideFlags: 0
  serializedVersion: 2
  m_Modification:
    m_TransformParent: {fileID: 1725478484}
    m_Modifications:
    - target: {fileID: 7209048194190318533, guid: f040426e15ef2284898620d7c74467f2,
        type: 3}
      propertyPath: m_RootOrder
      value: 2
      objectReference: {fileID: 0}
    - target: {fileID: 7209048194190318533, guid: f040426e15ef2284898620d7c74467f2,
        type: 3}
      propertyPath: m_LocalPosition.x
      value: 24.41988
      objectReference: {fileID: 0}
    - target: {fileID: 7209048194190318533, guid: f040426e15ef2284898620d7c74467f2,
        type: 3}
      propertyPath: m_LocalPosition.y
      value: -1.8765051
      objectReference: {fileID: 0}
    - target: {fileID: 7209048194190318533, guid: f040426e15ef2284898620d7c74467f2,
        type: 3}
      propertyPath: m_LocalPosition.z
      value: 90.19915
      objectReference: {fileID: 0}
    - target: {fileID: 7209048194190318533, guid: f040426e15ef2284898620d7c74467f2,
        type: 3}
      propertyPath: m_LocalRotation.w
      value: 1
      objectReference: {fileID: 0}
    - target: {fileID: 7209048194190318533, guid: f040426e15ef2284898620d7c74467f2,
        type: 3}
      propertyPath: m_LocalRotation.x
      value: -0
      objectReference: {fileID: 0}
    - target: {fileID: 7209048194190318533, guid: f040426e15ef2284898620d7c74467f2,
        type: 3}
      propertyPath: m_LocalRotation.y
      value: -0
      objectReference: {fileID: 0}
    - target: {fileID: 7209048194190318533, guid: f040426e15ef2284898620d7c74467f2,
        type: 3}
      propertyPath: m_LocalRotation.z
      value: -0
      objectReference: {fileID: 0}
    - target: {fileID: 7209048194190318533, guid: f040426e15ef2284898620d7c74467f2,
        type: 3}
      propertyPath: m_LocalEulerAnglesHint.x
      value: 0
      objectReference: {fileID: 0}
    - target: {fileID: 7209048194190318533, guid: f040426e15ef2284898620d7c74467f2,
        type: 3}
      propertyPath: m_LocalEulerAnglesHint.y
      value: 0
      objectReference: {fileID: 0}
    - target: {fileID: 7209048194190318533, guid: f040426e15ef2284898620d7c74467f2,
        type: 3}
      propertyPath: m_LocalEulerAnglesHint.z
      value: 0
      objectReference: {fileID: 0}
    - target: {fileID: 7209048194190318553, guid: f040426e15ef2284898620d7c74467f2,
        type: 3}
      propertyPath: m_Name
      value: QuickZone (1)
      objectReference: {fileID: 0}
    m_RemovedComponents: []
  m_SourcePrefab: {fileID: 100100000, guid: f040426e15ef2284898620d7c74467f2, type: 3}
--- !u!4 &1903504504 stripped
Transform:
  m_CorrespondingSourceObject: {fileID: 7209048194190318533, guid: f040426e15ef2284898620d7c74467f2,
    type: 3}
  m_PrefabInstance: {fileID: 1903504503}
  m_PrefabAsset: {fileID: 0}
--- !u!1001 &8369092987986571743
PrefabInstance:
  m_ObjectHideFlags: 0
  serializedVersion: 2
  m_Modification:
    m_TransformParent: {fileID: 1823963130}
    m_Modifications:
    - target: {fileID: 8369092987232642426, guid: 1c1467b71d8d982468977b946158a2a3,
        type: 3}
      propertyPath: m_RootOrder
      value: 0
      objectReference: {fileID: 0}
    - target: {fileID: 8369092987232642426, guid: 1c1467b71d8d982468977b946158a2a3,
        type: 3}
      propertyPath: m_LocalPosition.x
      value: 4.2796707
      objectReference: {fileID: 0}
    - target: {fileID: 8369092987232642426, guid: 1c1467b71d8d982468977b946158a2a3,
        type: 3}
      propertyPath: m_LocalPosition.y
      value: -1.754908
      objectReference: {fileID: 0}
    - target: {fileID: 8369092987232642426, guid: 1c1467b71d8d982468977b946158a2a3,
        type: 3}
      propertyPath: m_LocalPosition.z
      value: 0
      objectReference: {fileID: 0}
    - target: {fileID: 8369092987232642426, guid: 1c1467b71d8d982468977b946158a2a3,
        type: 3}
      propertyPath: m_LocalRotation.w
      value: 1
      objectReference: {fileID: 0}
    - target: {fileID: 8369092987232642426, guid: 1c1467b71d8d982468977b946158a2a3,
        type: 3}
      propertyPath: m_LocalRotation.x
      value: -0
      objectReference: {fileID: 0}
    - target: {fileID: 8369092987232642426, guid: 1c1467b71d8d982468977b946158a2a3,
        type: 3}
      propertyPath: m_LocalRotation.y
      value: -0
      objectReference: {fileID: 0}
    - target: {fileID: 8369092987232642426, guid: 1c1467b71d8d982468977b946158a2a3,
        type: 3}
      propertyPath: m_LocalRotation.z
      value: -0
      objectReference: {fileID: 0}
    - target: {fileID: 8369092987232642426, guid: 1c1467b71d8d982468977b946158a2a3,
        type: 3}
      propertyPath: m_LocalEulerAnglesHint.x
      value: 0
      objectReference: {fileID: 0}
    - target: {fileID: 8369092987232642426, guid: 1c1467b71d8d982468977b946158a2a3,
        type: 3}
      propertyPath: m_LocalEulerAnglesHint.y
      value: 0
      objectReference: {fileID: 0}
    - target: {fileID: 8369092987232642426, guid: 1c1467b71d8d982468977b946158a2a3,
        type: 3}
      propertyPath: m_LocalEulerAnglesHint.z
      value: 0
      objectReference: {fileID: 0}
    - target: {fileID: 8369092987232642429, guid: 1c1467b71d8d982468977b946158a2a3,
        type: 3}
      propertyPath: _fovAngle
      value: 20
      objectReference: {fileID: 0}
    - target: {fileID: 8369092987232642429, guid: 1c1467b71d8d982468977b946158a2a3,
        type: 3}
      propertyPath: AnimateEyes
      value: 1
      objectReference: {fileID: 0}
    - target: {fileID: 8369092987232642429, guid: 1c1467b71d8d982468977b946158a2a3,
        type: 3}
      propertyPath: _enemyRaiseTime
      value: 1
      objectReference: {fileID: 0}
    - target: {fileID: 8369092987232642429, guid: 1c1467b71d8d982468977b946158a2a3,
        type: 3}
      propertyPath: _fovInclination
      value: -80
      objectReference: {fileID: 0}
    - target: {fileID: 8369092987232642429, guid: 1c1467b71d8d982468977b946158a2a3,
        type: 3}
      propertyPath: _raycastDownTime
      value: 1
      objectReference: {fileID: 0}
    - target: {fileID: 8369092987232642429, guid: 1c1467b71d8d982468977b946158a2a3,
        type: 3}
      propertyPath: _raycastDownDelay
      value: 10
      objectReference: {fileID: 0}
    - target: {fileID: 8369092987232642429, guid: 1c1467b71d8d982468977b946158a2a3,
        type: 3}
      propertyPath: _raycastStartDelay
      value: 0.5
      objectReference: {fileID: 0}
    - target: {fileID: 8369092987232642429, guid: 1c1467b71d8d982468977b946158a2a3,
        type: 3}
      propertyPath: AnimatingAngles.Array.size
      value: 10
      objectReference: {fileID: 0}
    - target: {fileID: 8369092987232642429, guid: 1c1467b71d8d982468977b946158a2a3,
        type: 3}
      propertyPath: AnimatingAngles.Array.data[0]
      value: 10
      objectReference: {fileID: 0}
    - target: {fileID: 8369092987232642429, guid: 1c1467b71d8d982468977b946158a2a3,
        type: 3}
      propertyPath: AnimatingAngles.Array.data[1]
      value: 20
      objectReference: {fileID: 0}
    - target: {fileID: 8369092987232642429, guid: 1c1467b71d8d982468977b946158a2a3,
        type: 3}
      propertyPath: AnimatingAngles.Array.data[2]
      value: 30
      objectReference: {fileID: 0}
    - target: {fileID: 8369092987232642429, guid: 1c1467b71d8d982468977b946158a2a3,
        type: 3}
      propertyPath: AnimatingAngles.Array.data[3]
      value: 40
      objectReference: {fileID: 0}
    - target: {fileID: 8369092987232642429, guid: 1c1467b71d8d982468977b946158a2a3,
        type: 3}
      propertyPath: AnimatingAngles.Array.data[4]
      value: 50
      objectReference: {fileID: 0}
    - target: {fileID: 8369092987232642429, guid: 1c1467b71d8d982468977b946158a2a3,
        type: 3}
      propertyPath: AnimatingAngles.Array.data[5]
      value: 60
      objectReference: {fileID: 0}
    - target: {fileID: 8369092987232642429, guid: 1c1467b71d8d982468977b946158a2a3,
        type: 3}
      propertyPath: AnimatingAngles.Array.data[6]
      value: 70
      objectReference: {fileID: 0}
    - target: {fileID: 8369092987232642429, guid: 1c1467b71d8d982468977b946158a2a3,
        type: 3}
      propertyPath: AnimatingAngles.Array.data[7]
      value: 80
      objectReference: {fileID: 0}
    - target: {fileID: 8369092987232642429, guid: 1c1467b71d8d982468977b946158a2a3,
        type: 3}
      propertyPath: AnimatingAngles.Array.data[8]
      value: 90
      objectReference: {fileID: 0}
    - target: {fileID: 8369092987232642429, guid: 1c1467b71d8d982468977b946158a2a3,
        type: 3}
      propertyPath: AnimatingAngles.Array.data[9]
      value: 100
      objectReference: {fileID: 0}
    - target: {fileID: 8369092987232642430, guid: 1c1467b71d8d982468977b946158a2a3,
        type: 3}
      propertyPath: m_Name
      value: EnemyTrigger
      objectReference: {fileID: 0}
    m_RemovedComponents: []
  m_SourcePrefab: {fileID: 100100000, guid: 1c1467b71d8d982468977b946158a2a3, type: 3}
