%YAML 1.1
%TAG !u! tag:unity3d.com,2011:
--- !u!1 &2016572430181630425
GameObject:
  m_ObjectHideFlags: 0
  m_CorrespondingSourceObject: {fileID: 0}
  m_PrefabInstance: {fileID: 0}
  m_PrefabAsset: {fileID: 0}
  serializedVersion: 6
  m_Component:
  - component: {fileID: 2966989076057959519}
  - component: {fileID: 3714479302165723359}
  - component: {fileID: 875165623692978032}
  m_Layer: 0
  m_Name: Covering7
  m_TagString: Untagged
  m_Icon: {fileID: 0}
  m_NavMeshLayer: 0
  m_StaticEditorFlags: 0
  m_IsActive: 1
--- !u!4 &2966989076057959519
Transform:
  m_ObjectHideFlags: 0
  m_CorrespondingSourceObject: {fileID: 0}
  m_PrefabInstance: {fileID: 0}
  m_PrefabAsset: {fileID: 0}
  m_GameObject: {fileID: 2016572430181630425}
  m_LocalRotation: {x: -0, y: -0, z: -0, w: 1}
  m_LocalPosition: {x: 0, y: 0, z: 0}
  m_LocalScale: {x: 1, y: 1, z: 1}
  m_Children: []
  m_Father: {fileID: 1802049088952316714}
  m_RootOrder: 0
  m_LocalEulerAnglesHint: {x: 0, y: 0, z: 0}
--- !u!212 &3714479302165723359
SpriteRenderer:
  m_ObjectHideFlags: 0
  m_CorrespondingSourceObject: {fileID: 0}
  m_PrefabInstance: {fileID: 0}
  m_PrefabAsset: {fileID: 0}
  m_GameObject: {fileID: 2016572430181630425}
  m_Enabled: 1
  m_CastShadows: 0
  m_ReceiveShadows: 0
  m_DynamicOccludee: 1
  m_MotionVectors: 1
  m_LightProbeUsage: 1
  m_ReflectionProbeUsage: 1
  m_RayTracingMode: 0
  m_RenderingLayerMask: 1
  m_RendererPriority: 0
  m_Materials:
  - {fileID: 10754, guid: 0000000000000000f000000000000000, type: 0}
  m_StaticBatchInfo:
    firstSubMesh: 0
    subMeshCount: 0
  m_StaticBatchRoot: {fileID: 0}
  m_ProbeAnchor: {fileID: 0}
  m_LightProbeVolumeOverride: {fileID: 0}
  m_ScaleInLightmap: 1
  m_ReceiveGI: 1
  m_PreserveUVs: 0
  m_IgnoreNormalsForChartDetection: 0
  m_ImportantGI: 0
  m_StitchLightmapSeams: 1
  m_SelectedEditorRenderState: 0
  m_MinimumChartSize: 4
  m_AutoUVMaxDistance: 0.5
  m_AutoUVMaxAngle: 89
  m_LightmapParameters: {fileID: 0}
  m_SortingLayerID: -849791519
  m_SortingLayer: 4
  m_SortingOrder: 0
  m_Sprite: {fileID: 21300000, guid: 8527777e300d94d4b90588442a0d0ab3, type: 3}
  m_Color: {r: 1, g: 1, b: 1, a: 1}
  m_FlipX: 0
  m_FlipY: 0
  m_DrawMode: 0
  m_Size: {x: 2.19, y: 1.47}
  m_AdaptiveModeThreshold: 0.5
  m_SpriteTileMode: 0
  m_WasSpriteAssigned: 1
  m_MaskInteraction: 0
  m_SpriteSortPoint: 0
--- !u!60 &875165623692978032
PolygonCollider2D:
  m_ObjectHideFlags: 0
  m_CorrespondingSourceObject: {fileID: 0}
  m_PrefabInstance: {fileID: 0}
  m_PrefabAsset: {fileID: 0}
  m_GameObject: {fileID: 2016572430181630425}
  m_Enabled: 1
  m_Density: 1
  m_Material: {fileID: 0}
  m_IsTrigger: 1
  m_UsedByEffector: 0
  m_UsedByComposite: 0
  m_Offset: {x: 0, y: 0}
  m_SpriteTilingProperty:
    border: {x: 0, y: 0, z: 0, w: 0}
    pivot: {x: 0.5, y: 0.24199504}
    oldSize: {x: 2.52, y: 2.09}
    newSize: {x: 2.19, y: 1.47}
    adaptiveTilingThreshold: 0.5
    drawMode: 0
    adaptiveTiling: 0
  m_AutoTiling: 0
  m_Points:
    m_Paths:
    - - {x: 0.48, y: -0.30576962}
      - {x: 0.56, y: -0.3157696}
      - {x: 0.97999996, y: -0.19576961}
      - {x: 1.11, y: -0.07576961}
      - {x: 1.23, y: 0.034230385}
      - {x: 1.23, y: 0.07423038}
      - {x: 1.17, y: 0.19423038}
      - {x: 0.94, y: 0.28423038}
      - {x: 0.93, y: 0.39423037}
      - {x: 0.89, y: 0.59423035}
      - {x: 0.69, y: 0.7742303}
      - {x: 0.59, y: 0.9542303}
      - {x: 0.53999996, y: 0.9642303}
      - {x: 0.45, y: 0.97423035}
      - {x: 0.26999998, y: 1.1242303}
      - {x: 0.29999998, y: 1.2842304}
      - {x: 0.19, y: 1.4442303}
      - {x: 0.08, y: 1.4642303}
      - {x: 0.02, y: 1.4642303}
      - {x: -0.12, y: 1.4142303}
      - {x: -0.35, y: 1.3942304}
      - {x: -0.45, y: 1.3742303}
      - {x: -0.57, y: 1.2242303}
      - {x: -0.57, y: 1.1942303}
      - {x: -0.42, y: 1.0142304}
      - {x: -0.71999997, y: 0.99423033}
      - {x: -0.84, y: 0.90423036}
      - {x: -0.9, y: 0.6142304}
      - {x: -1.03, y: 0.5442304}
      - {x: -1.15, y: 0.26423037}
      - {x: -1.18, y: 0.14423038}
      - {x: -1.18, y: 0.084230386}
      - {x: -0.85999995, y: -0.22576961}
      - {x: -0.78999996, y: -0.2457696}
      - {x: -0.62, y: -0.2657696}
      - {x: -0.68, y: -0.3257696}
      - {x: -0.7, y: -0.37576962}
      - {x: -0.62, y: -0.43576962}
      - {x: -0.089999996, y: -0.43576962}
      - {x: 0.31, y: -0.2657696}
      - {x: 0.41, y: -0.2857696}
--- !u!1 &6782172015796796173
GameObject:
  m_ObjectHideFlags: 0
  m_CorrespondingSourceObject: {fileID: 0}
  m_PrefabInstance: {fileID: 0}
  m_PrefabAsset: {fileID: 0}
  serializedVersion: 6
  m_Component:
  - component: {fileID: 1802049088952316714}
  m_Layer: 0
  m_Name: Covering7
  m_TagString: Untagged
  m_Icon: {fileID: 0}
  m_NavMeshLayer: 0
  m_StaticEditorFlags: 0
  m_IsActive: 1
--- !u!4 &1802049088952316714
Transform:
  m_ObjectHideFlags: 0
  m_CorrespondingSourceObject: {fileID: 0}
  m_PrefabInstance: {fileID: 0}
  m_PrefabAsset: {fileID: 0}
  m_GameObject: {fileID: 6782172015796796173}
  m_LocalRotation: {x: 0, y: 0, z: 0, w: 1}
  m_LocalPosition: {x: 0, y: -1.15, z: 0}
  m_LocalScale: {x: 1, y: 1, z: 1}
  m_Children:
  - {fileID: 2966989076057959519}
  m_Father: {fileID: 0}
  m_RootOrder: 0
  m_LocalEulerAnglesHint: {x: 0, y: 0, z: 0}
